2932 4718
232 238 283 290 sss
508 235 740 290 musculum
755 216 932 290 'erasmo
974 237 1093 290 ιι-ιο.

169 407 349 513 mirabere
377 405 556 510 Schlavos¹
577 407 676 507 l’etro
696 372 1028 509 ,ΒιιΙΟςιιιοιιιιιι,τοςοζ
1058 407 1116 510 qui
1142 404 1371 510 Qhri‘stophori

228 490 1370 680 latitudini.natalitiatttssdaflt}aaut:

221 733 225 741 ,
317 664 367 731 17.
400 664 548 731 ‘Romam
560 665 659 746 vero',
680 663 825 753 inquam
847 669 957 753 ‘quam
970 685 1030 730 vos
1044 661 1182 732 lberam
1196 687 1269 733 esse
1282 661 1368 734 velle

228 748 451 904 rauco
468 747 672 903 aaa
698 746 1368 920 uuaruicenses

228 917 423 1003 volentibus,
452 918 603 987 dominus
628 940 721 986 meus
749 919 929 1008 imperator
955 929 1114 1008 angustas
1140 931 1249 988 etam
1275 923 1366 1012 turpi

229 1006 384 1074 servitute
415 1004 587 1074 liberavit?
624 1002 858 1072 Constantinus
890 1004 1068 1094 imperator
1099 1017 1274 1095 augustus,
1307 1009 1368 1096 qui

228 1090 313 1158 hanc
334 1112 379 1158 ex
399 1112 458 1158 suo
479 1090 610 1157 nornine
635 1087 783 1156 condidit
804 1090 982 1174 civitatem,
1009 1100 1141 1158 sanotae
1166 1088 1367 1180 apostolicae

229 1176 395 1244 Romanae
415 1174 580 1261 ecclesiae,
602 1184 639 1242 ut
660 1185 730 1243 erat
750 1173 984 1260 kosmocrator,
1010 1174 1113 1242 multa
1133 1174 1270 1245 donaria
1290 1199 1367 1247 oon·

228 1259 310 1346 tulit,
332 1283 399 1328 non
419 1261 455 1328 in
475 1258 570 1328 ltalia
585 1258 700 1346 solum,
722 1257 781 1328 sed
793 1261 829 1327 in
844 1259 996 1328 omnibus
1010 1282 1094 1349 pene
1109 1260 1367 1332 occidentalibus

310 1347 351 1433 ὀ,
382 1367 510 1415 necnon
542 1344 582 1413 de
615 1343 831 1414 orientalibus¹
857 1356 956 1434 atque
988 1345 1190 1432 meridianis,
1224 1347 1367 1416 Graecia

229 1453 264 1499 so
289 1431 361 1518 ‘cet
383 1430 515 1515 Iudaea,
540 1431 684 1514 Perside,
705 1430 952 1533 Mesopotamia,
978 1429 1170 1521 Babylonia,
1198 1431 1366 1533 Aegypto,

52 1552 54 1557 ·
116 1618 125 1638 ι
227 1516 343 1605 Libya,
372 1527 410 1619 ut
437 1518 540 1618 ipsius
566 1525 725 1618 testantur
750 1515 931 1634 privilegia,
962 1538 1047 1670 guae
1074 1539 1174 1620 penes
1194 1540 1256 1586 nos
1278 1528 1366 1622 sunt.

24 1663 28 1672 .
133 1602 315 1677 petasone
344 1602 563 1703 quicqurdun
589 1599 694 1703 ltalia,
712 1602 782 1703 'sed
811 1612 864 1669 et·
905 1626 940 1668 m
987 1624 1116 1687 exonia,
1145 1602 1364 1693 Bsgocmss,

227 1689 377 1756 omuibus
399 1688 523 1755 domim
543 1710 608 1755 mer
629 1710 739 1776 regms
760 1696 818 1770 est,
841 1687 930 1777 quod
951 1687 994 1756 ad
1014 1687 1234 1777 apostolorum
1252 1687 1366 1759 beato·

226 1795 300 1840 rum
322 1772 489 1841 ecclesiam
519 1773 661 1861 respicit,
689 1773 967 1840 sanctissimorum
993 1772 1213 1862 apostolorum
1240 1776 1365 1845 vicano

228 1856 373 1928 contulit
416 1857 461 1924 Et
481 1859 510 1924 si
532 1870 590 1942 est,
612 1868 649 1924 ut
669 1857 820 1925 dominus
848 1880 941 1924 meus
970 1881 1013 1925 ex
1038 1856 1089 1926 his
1111 1858 1263 1928 omnibus
1285 1862 1365 1929 civi·

179 1983 186 1993 ·-
227 1954 317 2028 tates,
340 1941 443 2027 villas,
466 1941 583 2011 milites
598 1953 656 2009 aut
669 1941 824 2009 familiam
839 1943 993 2027 obtineat,
1015 1941 1114 2011 deum
1132 1946 1261 2034 negavi.
1296 1944 1366 2015 Gur

205 2030 403 2118 imperator
428 2051 507 2095 vero
536 2050 602 2095 non
630 2027 744 2095 itidem
771 2027 857 2110 lacit,
890 2039 927 2094 ut
957 2050 1004 2114 ea,
1039 2049 1123 2118 quae
1156 2030 1225 2098 suis
1254 2033 1367 2100 insuut

227 2115 347 2216 regnis,
369 2112 597 2216 apostolorum·
611 2111 992 2267 ecclesiaeditereddatttlisit
1019 2137 1080 2204 per
1099 2111 1244 2267 ladllstprem
1265 2126 1366 2219 atoue

214 2199 483 2353 νριιὲιιἓιιξίθοιριέἓέιῃιξι
492 2198 634 2352 rdpffii
659 2221 725 2266 mer
821 2222 901 2266 me
987 2221 1087 2284 eram,
1176 2222 1266 2270 orem
1292 2225 1366 2331 ipse

314 2371 366 2438 18.
395 2360 473 2438 ‘Sed
494 2368 575 2453 hoc',
596 2369 643 2436 ait
663 2367 804 2436 Basilius
818 2368 1094 2458 parakinumenos
1101 2382 1124 2454 ⁶,
1146 2370 1265 2456 ‘faciet
1288 2393 1366 2440 oum

228 2455 272 2522 ad
284 2466 400 2533 nutum
415 2476 512 2522 suum
526 2454 631 2522 Rome
646 2464 678 2522 et
692 2454 839 2522 Romana
853 2454 992 2522 ecclesia
1006 2453 1229 2524 ordinabitur.
1261 2456 1365 2525 Tum:

229 2540 369 2624 ‘Homo’,
394 2541 539 2630 inquam,
567 2538 721 2630 ‘quidam
747 2538 884 2607 multam
905 2540 948 2607 ab
970 2538 1033 2607 alio
1055 2561 1174 2630 passus
1200 2541 1365 2628 iniuriam,

227 2626 279 2694 his
301 2625 400 2694 deum
421 2647 594 2726 aggressus
616 2635 666 2693 est
686 2624 810 2725 verbis:
843 2624 1154 2728 Dominayindios·
1169 2625 1287 2729 mede
1308 2626 1366 2696 ad·
1440 2700 1445 2707 ,

228 2712 372 2864 lati?
396 2709 595 2884 dili?
604 2709 793 2864 llll&
816 2709 1117 2884 ..liiimallq‘li
1143 2711 1366 2883 altili

229 2880 493 3035 tardellllnf'lllino
522 2941 634 3033 omnes
660 2975 770 3055 preter
790 2965 922 3034 stanam
942 2965 1100 3034 cachinno
1124 2968 1290 3052 commoti,
1318 2968 1366 3037 di-

230 3054 463 3141 sceptationem
491 3051 692 3136 dimiserunt,
720 3073 840 3204 inoffi
862 3053 898 3119 in
924 3051 1064 3118 invisam
1093 3051 1226 3155 domum
1252 3052 1368 3123 reduci

229 3149 455 3228 preceperunt,
477 3158 661 3238 magnaque
683 3146 776 3238 custo
861 3136 989 3205 cautela
1007 3160 1164 3228 usquam
1178 3149 1367 3208 sanctorum

230 3222 451 3312 apostolorum
472 3222 632 3311 religiosis
655 3232 779 3289 cunctis
804 3221 966 3290 celebrem
993 3223 1092 3291 diem.
1136 3223 1212 3308 Qua
1233 3224 1367 3294 celebri-

115 3325 167 3367 ru.
183 3323 220 3367 ¹⁹·
230 3319 296 3376 tate
317 3331 370 3376 me
385 3310 470 3376 ‘satis
492 3320 672 3396 aegrotum,
693 3329 820 3375 necnon
843 3318 876 3375 et
896 3307 1114 3396 Bulgarorum
1136 3311 1278 3396 nuntios,
1309 3313 1369 3402 qui

231 3393 336 3548 pridie
356 3403 526 3476 venerant,
549 3393 604 3494 ad·
621 3402 748 3460 sanctos
770 3393 933 3495 apostolos
959 3392 1023 3461 sibi
1052 3394 1184 3496 obviare
1208 3398 1368 3486 precepit.

262 3501 382 3569 umque
433 3490 483 3546 ost
510 3501 700 3546 naeniarum
729 3478 951 3566 garrulitatem
974 3488 1006 3547 et
1026 3501 1201 3548 missarum
1226 3480 1368 3551 celebra·

231 3567 351 3632 tionem
374 3503 429 3631 acl
437 3586 584 3631 mensam
606 3565 827 3647 invitaremur,
851 3565 884 3630 in
907 3565 1049 3632 citeriori
1063 3588 1196 3634 mensae
1210 3568 1367 3655 margine,

232 3711 254 3765 a)
271 3722 342 3753 sosas
357 3711 433 3752 edica.
493 3709 517 3762 b)
532 3711 668 3755 baoariaO.
731 3712 752 3763 c)
769 3711 973 3778 paratissimus·
989 3713 1013 3756 0.

234 3827 262 3896 1)
281 3827 432 3880 Bohsmiae
452 3825 549 3879 ducem
575 3833 699 3897 spectare
722 3827 837 3881 ridetur.
913 3825 943 3896 2)
964 3827 1135 3882 constantin.
1155 3827 1189 3881 ds
1209 3827 1282 3883 adm.
1301 3829 1368 3900 imp.

234 3917 258 3955 c.
274 3902 307 3953 13
328 3919 355 3972 p.
368 3899 420 3952 88:
441 3893 505 3954 οὐδὲ
526 3893 726 3974 αὐτοκράτορος
744 3900 789 3954 sol
807 3898 943 3972 ἐνθέσμοο
963 3897 1094 3973 βασιλέως
1119 3896 1241 3975 &viimo
1260 3895 1278 3974 ἦ
1299 3898 1370 3956 ἐκδι-

233 3971 333 4046 innisa
353 3971 501 4046 ἐτύγχανον,
528 3968 597 4028 illd
615 3973 705 4046 τρίτου
724 3992 769 4028 και
787 3970 902 4046 lupiaco
921 3975 966 4029 act
985 3971 1023 4030 ἔτι
1041 3969 1210 4048 ὑποχειρίου.
1231 4003 1266 4017 -
1285 3977 1368 4032 Niss-

232 4051 332 4120 phorns
351 4052 411 4120 ipse
423 4055 521 4120 postea
534 4049 650 4103 Romani
662 4049 702 4103 ΙΙ.
718 4053 889 4118 imperatoris
903 4048 966 4104 liliis
979 4049 1086 4120 puellas
1099 4067 1133 4104 ex
1145 4052 1279 4120 sanguine
1292 4055 1370 4123 regio

233 4124 412 4193 Balgarorum
438 4127 466 4177 iu
492 4125 692 4177 matrimonium
717 4124 783 4177 dare
809 4124 896 4178 voluit
924 4123 1022 4194 (Leon.
1048 4125 1131 4193 Diae.
1150 4125 1223 4179 Hist.
1242 4126 1268 4179 V
1287 4144 1313 4180 c.
1333 4127 1372 4190 3).

233 4198 263 4267 3)
284 4200 317 4252 In
335 4201 464 4254 Baioaria
484 4198 603 4253 ecelesia
622 4199 744 4252 Romans
762 4200 816 4252 tria
834 4198 947 4268 praedia
959 4200 1089 4268 possedit,
1108 4215 1157 4269 pro
1170 4199 1269 4269 quibos
1281 4201 1371 4257 archi·

235 4276 380 4345 episeopus
400 4274 613 4344 salisburgensis
633 4281 687 4328 tres
707 4276 814 4342 argenti
833 4273 918 4328 libras
938 4276 1083 4342 quotannis
1101 4274 1236 4329 solvebat.
