2932 4718
258 216 492 274 umbrantem
510 215 777 271 ANTAPouosls.
814 215 888 270 uu.
908 215 963 270 111.
1003 215 1087 267 8-4.
1215 216 1250 268 d'l

195 387 265 456 Nec
287 390 379 456 iuvat
399 387 587 475 Hungnrios
610 385 686 454 solis
708 387 768 454 hos
789 409 883 454 urere
904 385 1056 470 flammis,
1259 403 1312 448 m.

195 473 349 563 Undique
372 475 579 553 conveniunt,
602 484 806 562 mortemque
828 471 946 539 inferre
969 473 1142 555 minantur,

19 564 28 631 't
136 577 172 631 to
197 559 397 627 Oonfodiunt
417 557 501 642 telis,
524 557 648 625 calidus
670 580 754 647 quos
775 560 890 624 terruit
910 558 1007 646 ignis.

196 644 311 712 Uritur
331 643 462 713 infelix¹
487 642 564 710 olim
584 642 750 710 formonsa
770 643 889 732 Papia!

196 728 431 820 Vulcanusque
452 751 530 796 suos
550 727 699 797 auollens
720 727 853 796 fletibus
874 738 975 813 artus,

195 813 361 882 &clesma
381 816 586 904 patriamque
609 813 705 881 simul
727 812 918 881 conscendit
938 815 974 880 in
996 835 1134 881 omnem.

173 900 440 990 'Extinguntur¹
462 910 592 984 matres,
614 901 717 1001 pueri,
739 901 961 988 innuptaeque
982 897 1123 988 puellus*
1133 911 1155 964 ².
1258 909 1359 986 :usse

136 1003 171 1056 to
197 985 319 1053 Sancta
340 988 528 1055 catervatim
549 999 687 1053 montur
708 986 912 1053 catecumina
933 983 1024 1074 ples³
1047 997 1136 1069 tunc,
1267 975 1391 1074 ‚w

196 1070 312 1139 Presul
332 1074 368 1138 in
388 1072 469 1140 urbe
491 1093 552 1138 sna
573 1071 634 1138 hac
656 1072 794 1138 moritur
815 1081 1012 1158 sanctusque
1033 1069 1214 1151 sacerdos„

195 1156 335 1226 Nomine
358 1159 414 1246 qui
457 1158 567 1246 roprio
589 1157 695 1225 bonus
718 1168 767 1224 est
789 1154 960 1245 dictusque
980 1154 1143 1223 Iohannes
1151 1168 1174 1220 ⁴.

197 1240 293 1324 Quod
316 1242 421 1310 fuerat
435 1181 540 1344 longo
562 1241 664 1310 thecis
686 1243 722 1308 in
742 1255 890 1330 tempore
912 1239 1071 1325 clausum,

196 1327 249 1395 En
270 1330 365 1412 iacet,
386 1328 450 1395 hoc
470 1327 577 1394 ahena
597 1349 713 1393 munus
735 1350 777 1394 ne
799 1336 946 1416 tangeret
966 1347 1094 1411 aarum,

134 1428 172 1484 20
194 1417 305 1515 Atque
326 1437 386 1514 per
406 1415 571 1479 inmensas
594 1410 782 1479 dissolvitur
803 1412 879 1513 igne
901 1409 1040 1479 cloacas.

195 1498 312 1565 Uritur
331 1496 445 1566 infelix
468 1496 545 1565 olim
566 1497 732 1565 formonsa
753 1497 873 1586 Papia!

196 1581 367 1651 Cerneret*
389 1585 517 1673 argenti
538 1584 638 1667 rivos,
661 1595 856 1672 paterasque
877 1582 1044 1666 micantes,

196 1666 343 1758 Corpora
364 1670 524 1737 maiorum
545 1671 668 1758 passim
690 1668 848 1736 conbusta
868 1669 1025 1734 virorum.
1130 1739 1132 1742 ,

193 1753 335 1844 Iaspidis
356 1754 410 1822 hic
432 1755 579 1845 precium
600 1753 715 1821 viridis
737 1752 890 1842 rutilique
916 1753 1036 1841 topazii

132 1853 170 1908 2⁶
196 1839 376 1941 Spernitur,
399 1850 433 1908 et
454 1839 615 1942 saphyrus
594 1838 794 1992 uHpulcherl
841 1836 1016 1990 ulcheqqne
1038 1836 1186 1925 berillus3

194 1924 327 1992 Institor
347 1924 411 1993 heu
433 1924 549 1993 faciem
571 1949 595 1991 n
642 1948 679 1991 us
700 1934 780 1992 tunc
826 1936 944 1991 scuta
987 1947 1114 1995 surum.

194 2010 310 2078 Uritur
330 2009 446 2078 infelix
467 2008 544 2078 olim
565 2011 731 2079 formonsa
751 2011 869 2100 Papia!

194 2094 342 2163 Lucidns
363 2098 528 2164 inmensas
550 2098 597 2164 eri
620 2098 646 2164 it
666 2117 728 2163 nec
748 2095 838 2163 fonte
860 2095 985 2162 casinas

195 2179 342 2265 Ticinus,
364 2183 491 2250 sentina
512 2119 619 2248 simul
631 2180 824 2248 diffunditur
844 2181 930 2282 igne.

196 2265 279 2334 Usta
300 2280 350 2334 est
371 2266 485 2336 infelix
507 2265 584 2334 oiim
606 2267 771 2335 formonsa
791 2267 896 2354 Papia

108 2390 193 2438 anno
231 2370 413 2439 dominicae
448 2371 680 2439 incarnationis
716 2368 1018 2452 Doccoxxml,
1061 2368 1139 2436 1111.
1170 2369 1251 2438 Idus

109 2454 216 2541 Mart,
238 2455 417 2524 indictione
438 2455 517 2540 ΧΠ,
541 2467 634 2524 sexta
654 2456 746 2541 feria,
767 2455 849 2524 hora
868 2456 974 2523 tertia
1012 2456 1162 2538 Quorum
1184 2479 1251 2524 me·

110 2542 247 2608 moriam
268 2542 343 2630 piae
364 2541 598 2610 recordationis
619 2542 749 2628 affectu,
773 2542 830 2631 qui
852 2539 967 2609 eodem
985 2539 1150 2608 combusti
1163 2551 1249 2626 sunt,

108 2649 167 2694 vos
190 2638 223 2694 et
244 2627 446 2717 quicumque
467 2626 622 2716 legeritis,
643 2627 781 2711 faciatis,
802 2625 1011 2694 vehementer
1032 2647 1142 2694 exoro.

193 2733 225 2798 4.
269 2730 394 2798 Verum
421 2731 561 2834 piissimi
596 2730 891 2832 omnipotentisque
924 2730 1057 2815 domini,
1091 2730 1146 2796 cui
1177 2751 1251 2819 pro·

108 2814 207 2903 pheta
228 2816 484 2884 misericordiam
515 2827 547 2884 et
575 2815 729 2884 iuditium
760 2817 912 2899 concinit,
939 2817 1100 2904 cuiusque
1127 2814 1375 2888 miseri-sessu.

109 2900 220 2968 cordia
246 2900 345 2991 plena
372 2913 422 2970 est
447 2914 543 2986 terra,
575 2924 679 2992 usque
708 2901 751 2968 ad
780 2902 1092 2970 consummationem
1119 2899 1250 2990 gladius

108 3008 174 3052 non
197 2985 331 3055 desevit
380 2986 466 3054 Nam
496 2988 557 3055 etsi
584 2988 729 3075 peccatis
756 2987 1017 3075 promerentibus
1047 2995 1098 3054 est
1122 2997 1250 3069 sxnsn,

80 3086 82 3089 ’
108 3094 175 3139 non
195 3083 306 3140 tamen
327 3073 533 3140 inimicorum
556 3072 708 3140 manibus
730 3073 858 3140 tradita
909 3071 1133 3172 impletumque
1162 3071 1252 3160 quod

107 3179 168 3224 rex
190 3167 224 3225 et
243 3158 405 3247 propheta
419 3168 544 3226 cantat:
567 3157 747 3246 ‘Numquid
761 3159 796 3223 in
810 3169 978 3226 aeternum
993 3159 1132 3247 proiciet
1145 3145 1352 3249 densfl’ssllof’

1261 1575 1268 1590 ⁸
1277 1576 1368 1619 sattim

1260 1638 1301 1688 qu
1312 1637 1391 1680 edem

108 3252 252 3310 autnon
274 3263 295 3308 a
317 3255 427 3331 ponet,
454 3255 492 3312 ut
520 3265 593 3309 com
616 3242 749 3310 laoicior
779 3243 822 3309 sit
841 3241 973 3310 adhuc?
1008 3255 1067 3311 aut
1094 3244 1129 3308 in
1150 3241 1250 3309 finem

107 3329 258 3396 miserico
387 3352 480 3396 suem
501 3266 658 3412 abscidet,
678 3349 699 3393 a
707 3330 923 3462 pereffluens
936 3329 969 3394 in
984 3326 1251 3429 generationem?
1372 3367 1374 3372 ·

107 3414 176 3481 Aut
208 3411 420 3482 obliviscetur
447 3415 595 3482 misereri
617 3413 718 3482 deus.
759 3424 818 3480 ant
845 3412 1023 3481 continebit
1050 3414 1085 3480 in
1113 3414 1164 3480 ira
1189 3432 1388 3486 maa-asena

107 3498 345 3567 misericordias
368 3498 476 3567 suas’?
511 3499 661 3590 Itemque
683 3500 714 3565 ei
734 3497 819 3566 alius
841 3499 1002 3599 propheta
1023 3497 1118 3566 dicit:
1151 3497 1249 3568 ‘Cum

107 3584 209 3652 iratus
237 3584 348 3669 fueris,
379 3584 621 3653 misericordiae
648 3583 894 3652 recordabens'.
948 3582 1117 3674 Reliquiae
1149 3584 1250 3671 igitur

109 3691 192 3759 quae
215 3680 436 3759 supererant,
459 3670 640 3760 Hungariis
661 3693 728 3737 non
748 3667 919 3738 inviriliter
936 3668 1143 3754 resistebant3
1165 3668 1248 3736 adeo

108 3861 131 3914 a)
147 3863 362 3915 sitammam.
378 3863 462 3916 Papo.
553 3862 580 3918 b)
597 3875 665 3906 cerus
680 3865 758 3906 imis
774 3863 795 3906 8.
818 3864 900 3906 houna
917 3866 940 3906 ta
957 3864 1006 3917 δας
1028 3868 1095 3918 ortyx
1112 3860 1169 3916 δὴ
1185 3873 1249 3918 onyx

107 3923 193 3978 Emer
209 3925 317 3999 'pulcher
331 3925 384 3966 add.
401 3924 487 3978 feam
548 3922 571 3979 c)
587 3931 757 3978 mpersrsrant
769 3926 792 3966 1.

110 4085 137 4153 1)
155 4088 240 4155 Vsrg.
259 4088 328 4141 Aen.
348 4087 397 4153 IV,
423 4087 468 4140 68.
561 4084 590 4156 2)
609 4088 692 4157 Verg.
714 4088 797 4156 Gorg.
816 4087 865 4152 lv,
884 4086 948 4139 476.
1026 4084 1057 4156 ³)
1076 4088 1095 4140 i.
1117 4102 1141 4140 e.
1160 4085 1248 4157 plebs.

108 4160 136 4230 4)
158 4161 227 4216 cum
247 4162 372 4215 Iohanne
391 4164 521 4232 episcopo
542 4165 624 4216 otiam
642 4160 1029 4232 ngsmffidusvtsrcsllsnsn
1043 4167 1155 4216 mortam
1170 4161 1248 4226 obiit.

109 4236 142 4289 ct.
160 4235 312 4291 Fiodoardi
331 4237 402 4290 nnn.
422 4253 447 4290 a.
467 4237 531 4291 924.
