2932 4718
263 198 497 252 LIUDPRANDI
515 197 780 254 ANTAPODOSIS.
817 197 890 252 nm.
909 197 947 251 11.
986 197 1106 252 22-24.
1217 199 1254 251 87

245 370 374 437 ‘Insana
395 367 518 435 domini
539 370 636 435 iussis
659 367 738 458 quid
759 380 866 435 mente
888 367 1033 435 resistis?
1118 368 1250 436 Versus.
1262 383 1316 428 ιιι.

287 453 386 538 Quod
406 453 547 542 populus
568 477 678 542 regem
700 476 753 521 me
775 455 865 542 cupit
885 477 967 537 esse,
989 455 1083 537 scias,

243 540 385 692 Imperio
410 538 540 623 Christi,
563 561 628 628 quo
652 550 778 605 constat
798 538 949 605 machina
970 537 1122 623 mundi3¹

316 637 444 692 amarus
462 624 550 704 hunc
567 626 693 709 metuit,
715 623 803 690 hunc
821 623 980 712 Flegeton
997 626 1121 709 timuit;

179 729 196 780 o
245 709 392 778 Conterit
412 709 465 777 hic
483 709 603 778 nitidos
622 732 716 797 reges
733 709 921 799 dudumque
937 709 1123 777 tremendos

288 794 516 885 Sublimesque
537 794 667 880 volens,
689 796 785 882 erigit
804 793 858 862 hic
880 795 1046 878 miseros1,

244 881 319 964 Quo
342 880 469 949 debitas
492 880 624 947 domino
644 879 757 947 laudes
803 903 838 948 er
859 879 971 947 secula
986 879 1122 947 solvant

285 966 388 1046 Tune,
412 967 562 1055 superbe,
584 988 670 1050 reus,
692 903 826 1054 perfide,
849 965 941 1047 dure,
962 965 1064 1048 ferox,

242 1051 391 1119 Invidiae
413 1051 552 1119 stimulis
574 1073 716 1141 sevaque
739 1050 892 1141 cupidine
914 1062 1030 1135 tactus,

96 1136 100 1148 ’
159 1153 197 1207 ιο
286 1136 433 1226 Corpora
455 1135 674 1204 christicolum
696 1137 832 1226 perdere
854 1135 951 1203 valde
972 1135 1067 1203 sitis?

243 1220 279 1290 Si
301 1245 412 1310 regem
434 1222 575 1310 populus
598 1232 732 1309 cuperet
752 1243 933 1310 preponere
954 1232 1064 1305 temet,

282 1309 436 1375 Protinus
456 1309 485 1373 is
507 1329 624 1391 essem,
669 1308 704 1373 ui
725 1308 830 1394 magis
852 1306 937 1373 hoci
961 1317 1103 1394 cuperet.

111 1391 187 1459 Hoc
208 1392 311 1479 igitur
332 1391 532 1493 quadrifario
547 1391 644 1459 dicen
669 1393 821 1480 'genere
844 1393 976 1479 copioso
992 1390 1125 1474 scilicet,
1145 1389 1250 1476 brevi,

112 1478 200 1544 sicco
224 1487 257 1544 et
278 1476 404 1561 floudo,
426 1501 487 1544 rex
508 1477 692 1560 Heinricus,
720 1488 757 1543 ut
784 1488 854 1544 erat
878 1477 979 1543 animi
1006 1475 1161 1565 prudens,
1189 1475 1251 1542 Ar·

110 1560 200 1628 naldi
222 1563 368 1628 animum
390 1562 547 1647 mulcens,
569 1563 612 1629 ad
634 1584 710 1629 suos
731 1561 837 1629 rediit

197 1647 250 1714 23.
282 1647 446 1714 Amaldus
461 1670 550 1733 vero,
573 1670 648 1714 cum
664 1650 731 1714 suis
745 1647 806 1714 hec
821 1648 930 1712 omnia
945 1646 1118 1730 retulisset,
1140 1648 1250 1714 huius·

110 1731 200 1798 modi
221 1731 263 1799 ab
286 1735 333 1799 eis
361 1733 487 1800 audivit
512 1733 702 1823 ἀπόκρισην,
730 1733 903 1821 apocrisin,
935 1731 970 1798 id
992 1744 1041 1800 est
1068 1735 1249 1820 responsio·

110 1840 203 1885 nem:
247 1815 421 1907 ‘Sapientis
454 1818 548 1904 illius,
582 1819 682 1885 immo
715 1818 893 1906 sapientiae
919 1840 1018 1885 verae
1047 1818 1326 1903 sententiammm.

113 1924 197 1992 quae
226 1903 289 1970 ait:
327 1904 391 1971 Per
413 1925 465 1970 me
497 1927 590 1992 reges
623 1901 780 1991 regnant'
811 1903 975 1992 principes
1005 1904 1183 2004 imperant,
1216 1917 1249 1971 et
1258 1907 1280 1980 ἓν
1298 1905 1334 1948 ¹⁶·
1351 1907 1388 1951 ¹⁶·

110 1987 288 2076 prudentes
316 1990 472 2056 iustitiam
499 1989 708 2073 *decernunt
743 1953 898 2089 illamque
924 1987 1064 2076 apostoh
1091 1966 1411 2080 dicentis⁰12¹,}‘„'⁹1⁸,'‚1„⁶

111 2071 199 2162 qnod
222 2074 327 2140 omnis
349 2075 508 2142 ordinatio
532 2096 552 2139 a
575 2075 635 2142 deo
658 2085 717 2158 est,
738 2086 771 2142 et
792 2097 849 2163 qur
870 2074 1023 2161 potestati
1044 2075 1173 2157 resistit,
1196 2074 1249 2142 dei

111 2157 307 2225 ordinationi
337 2160 476 2243 resistit,
509 2162 582 2260 quis
608 2158 768 2246 ambigit?
820 2158 935 2248 Neque
967 2159 1053 2226 enim
1085 2159 1119 2224 in
1151 2159 1249 2226 huius

111 2240 269 2311 electione
291 2246 391 2311 totius
412 2243 526 2333 populi
547 2257 658 2333 posset
686 2266 757 2312 esse
783 2245 913 2311 animus
942 2266 1036 2327 unus,
1066 2244 1137 2310 sia
1159 2246 1249 2312 trini·

111 2339 178 2395 tate
201 2351 337 2412 summa,
361 2351 446 2419 quae
468 2330 548 2397 deus
571 2353 656 2396 unus
677 2339 736 2413 est,
759 2341 834 2396 ante
855 2328 970 2396 mundi
985 2328 1248 2398 constitutionem

109 2435 177 2480 non
199 2427 284 2481 esset
305 2413 436 2482 electus.
481 2412 518 2481 Si
538 2415 644 2482 bonus
665 2415 772 2499 fuerit,
794 2414 979 2502 diligendus
1001 2415 1072 2496 erit,
1100 2413 1247 2482 deusne

109 2500 143 2564 in
177 2519 216 2565 eo
248 2498 449 2584 landandus,
486 2501 515 2566 si
546 2522 625 2567 vero
658 2499 773 2583 malus,
807 2500 1021 2589 equanimiter
1052 2438 1248 2567 tolerandus.

112 2582 327 2651 Subditorum
358 2606 501 2675 namque
532 2585 725 2673 plerumque
762 2586 899 2673 exigtmt
930 2585 1058 2664 merita,
1117 2587 1248 2653 ustinus

109 2691 356 2758 nonnumquam
377 2692 398 2735 a
418 2669 570 2759 praelatis
592 2681 778 2758 graventur,
800 2692 867 2736 non
887 2680 1051 2758 reguntur.
1126 2692 1248 2771 equum

110 2767 220 2822 autem
242 2755 430 2845 iustumque
459 2756 554 2824 nobis
583 2756 722 2839 videtur,
752 2768 789 2822 ut
817 2778 838 2821 a
867 2755 1004 2822 caeteris
1030 2777 1097 2822 non
1125 2754 1249 2824 drssen-

110 2841 192 2907 tiens
215 2840 303 2907 hunc
325 2864 437 2929 regem
459 2841 605 2929 eligeres,
628 2842 698 2929 ipse
725 2863 802 2907 vero
829 2852 872 2924 te,
901 2851 939 2906 ut
959 2852 1027 2906 tam
1048 2839 1247 2908 formnatum

111 2938 142 2992 et
186 2924 357 2992 redivitem
378 2927 497 3010 virum,
519 2927 582 2992 hoc
603 2937 700 3013 pacto
714 2925 827 2993 bearet
858 2926 1023 3014 animique
1041 2927 1090 2992 tui
1103 2925 1245 2993 furorem

109 3033 143 3076 m
179 3021 275 3095 ceret,
298 3023 335 3078 ut
357 3011 445 3100 quod
474 3011 660 3077 decessores
689 3032 756 3076 non
782 2975 926 3078 halmere
955 3013 1013 3095 tui,
1043 3009 1104 3077 tibi
1133 3033 1247 3078 conce·

110 3096 215 3180 datur,
238 3095 363 3163 scilicet
384 3098 535 3184 quatinus
558 3097 656 3163 totius
679 3096 861 3183 Bagoariae
882 3094 1053 3184 pontifices
1074 3108 1149 3163 tuae
1172 3097 1247 3165 sub·

109 3182 239 3248 iaceant
269 3180 399 3266 dicioni,
432 3191 552 3271 tueque
575 3183 617 3247 sit
644 3182 807 3270 potestati,
834 3202 899 3247 uno
927 3179 1080 3248 defuncto
1109 3180 1247 3248 alterum

111 3265 297 3334 ordinare’2.
353 3265 516 3334 Conivens
544 3268 644 3368 igitur
672 3265 836 3336 Amaldns
866 3287 998 3332 suorum
1027 3266 1090 3333 hoc
1122 3269 1246 3356 optimo

109 3350 174 3419 bon
220 3375 262 3418 ue
285 3351 430 3436 consilio,
456 3351 604 3418 Heinnci
625 3353 711 3439 regis
733 3351 826 3419 miles
848 3349 997 3435 afficitur,
1020 3363 1053 3419 et
1072 3349 1115 3418 ab
1138 3373 1188 3435 eo,
1209 3365 1247 3420 ut

110 3438 174 3590 {pm
233 3438 334 3503 'ctum
374 3448 440 3520 est,
477 3439 639 3505 concessis
678 3438 778 3504 totius
815 3437 995 3524 Bagoariae
1034 3435 1245 3525 pontificibus

132 3532 296 3591 onoratur.
392 3575 395 3580 .

192 3608 245 3675 24.
278 3607 344 3674 Per
370 3605 458 3674 idem
486 3617 615 3695 tempus
642 3606 721 3674 dum
748 3603 936 3674 Ohuonradi
963 3607 1049 3695 r'egis
1077 3607 1244 3674 interitum
1254 3630 1296 3685 (ι.)

111 3704 207 3796 atque
228 3691 378 3759 Heinrici
404 3694 439 3759 in
465 3715 604 3781 regnum
633 3693 872 3760 successionem
900 3691 1051 3759 audirent
1070 3691 1306 3780 Hungarii,⁹¹⁹·

110 3777 165 3845 tali
187 3800 258 3846 sese
280 3789 357 3844 sunt
377 3788 491 3845 mutuo
518 3799 667 3845 sermone
696 3775 898 3865 adgressil:=
918 3777 1001 3844 ‘Rex
1028 3776 1111 3844 forte
1137 3798 1244 3843 novus

110 3989 130 4043 s)
146 3962 234 4036 munda
250 3994 272 4035 1.
332 3988 358 4044 b)
374 4001 403 4033 oc
418 3993 439 4033 1.
502 3988 523 4042 e)
540 3990 646 4033 dicentes
663 3990 684 4033 1.
746 3988 770 4042 t)
786 3991 906 4041 consuet
922 3994 944 4034 ι.

115 4169 141 4239 1)
159 4173 239 4226 Boot.
265 4171 336 4225 Phil.
363 4171 473 4226 consol.
492 4172 530 4237 11,
559 4173 581 4236 1,
600 4188 627 4223 v.
648 4171 680 4222 3:
707 4170 818 4224 Dudum
843 4167 999 4221 tremendos
1025 4183 1108 4222 saeva
1131 4170 1245 4238 proterit

112 4262 204 4314 regen
224 4263 253 4302 r.
274 4248 306 4298 b:
327 4246 388 4299 Non
407 4245 455 4298 ills
473 4248 587 4300 miseros
607 4244 692 4298 audit.
760 4243 790 4312 2)
802 4243 1003 4302 (ltThietmari
1017 4242 1117 4297 chron.
1131 4244 1145 4296 1
1160 4260 1183 4298 c.
1199 4245 1242 4296 1⁶.
