2932 4718
341 277 574 333 LIUDPRANDI
595 277 768 333 anenno.
807 278 927 332 ot-ea.
1154 283 1207 334 163

69 444 154 529 dico,
176 469 242 512 uon
264 458 313 515 est
334 449 477 516 adulatio
499 449 590 528 haec,
617 471 678 516 nec
704 470 826 516 consuo
854 472 941 515 nunc
990 449 1118 517 ulvillos
1145 452 1270 530 subeas,

70 533 180 600 cubito
202 555 333 620 manus,
354 557 416 618 res,
441 536 587 623 inquam,
612 557 692 600 vera
718 546 775 601 est.
824 535 905 602 Post
926 473 1064 602 biduum
1090 538 1301 607 vestr-isaias.

68 620 191 684 meritis
223 629 314 685 tanta
346 632 395 686 est
426 619 544 686 fretum
577 619 807 709 tranquillitate
840 618 999 705 sedatum,
1033 631 1078 706 ut,
1113 627 1253 728 cumssb
1270 625 1306 668 ¹⁸·

67 713 186 769 nautae
207 704 302 770 nobis
329 705 531 794 aufugerent,
557 707 620 792 ipsi
642 706 808 773 Leucaten
834 728 939 795 usque
965 708 1204 794 navigaremus,
1239 697 1273 728 ‘⁰‘

67 788 247 856 miliaribus
274 789 399 857 scilicet
429 804 558 858 centum
586 802 618 857 et
644 790 873 879 quadraginta,
899 791 979 857 nihil
1008 791 1205 860 discriminis

66 885 124 938 aut
138 876 287 942 tristitiae
302 877 471 964 patientes,
486 877 549 942 nisi
588 898 680 941 arum
694 878 727 941 in
738 876 886 943 faucibus
898 875 1040 943 fluminis
1051 878 1205 964 Acheloi3

66 960 123 1027 ubi
146 960 364 1028 discurrentes
386 960 541 1028 velociter
561 898 680 1027 duobis
703 964 773 1029 eius
796 965 894 1029 maris
909 962 997 1028 unda
1010 962 1205 1031 reverberat.

153 1065 204 1131 62.
250 1065 338 1148 Quid
361 1088 447 1154 ergo,
470 1075 679 1154 prepotentes
701 1068 841 1154 augusti,
863 1066 1048 1133 retribuetis
1063 1067 1205 1153 domino,

66 1173 126 1302 pro
150 1148 300 1216 omnibus
323 1173 405 1240 quae
427 1150 577 1218 retribuit
597 1151 632 1216 in
654 1174 706 1218 me
727 1150 842 1218 vobis?
873 1152 992 1218 Dicam
1007 1151 1097 1240 quid.
1130 1153 1206 1220 Hoe

90 1257 148 1302 eus
171 1234 250 1319 vult,
272 1235 335 1303 hoc
356 1237 450 1325 petit3
474 1246 506 1303 et
528 1237 678 1325 quamvis
700 1237 768 1304 sine
783 1237 879 1304 vobis
892 1237 954 1304 hoc
969 1238 1076 1305 facere
1091 1239 1205 1327 possit,

67 1320 138 1386 vult
158 1332 268 1387 tamen
289 1320 386 1387 huius
407 1322 454 1388 rei
477 1344 547 1388 esse
576 1322 754 1410 hypurgos,
784 1323 817 1389 id
847 1335 896 1389 est
924 1323 1105 1407 ministr0s3
1134 1325 1205 1412 ipse

67 1407 154 1474 enim
178 1406 264 1494 quod
287 1409 317 1472 ei
340 1407 492 1473 offeratur
514 1406 579 1490 dat,
610 1406 752 1474 custodit
778 1407 867 1495 quod
895 1409 1016 1496 exigat,
1045 1419 1081 1475 ut
1102 1409 1207 1497 possit

67 1513 223 1558 coronare
247 1491 334 1579 quod
356 1504 489 1578 prestat.
533 1492 702 1559 Advertite
732 1494 840 1581 igitur,
871 1515 1002 1580 quaeso
1045 1493 1205 1582 Nicepho-

66 1601 122 1642 rus
145 1599 219 1641 eum
243 1576 392 1642 omnibus
415 1577 559 1642 eeclesiis
580 1577 677 1643 homo
701 1579 744 1643 sit
765 1579 917 1677 impius¹,
946 1575 1060 1663 livore,
1084 1601 1148 1679 quo
1171 1580 1206 1644 in

66 1685 126 1728 vos
159 1659 313 1746 abundat,
347 1660 702 1749 Constantinopolitano
735 1663 936 1751 patriarchae
992 1674 1136 1752 recepit,
1170 1674 1205 1730 ut

64 1747 308 1834 Hydrontinam
345 1746 515 1813 ecclesiam
552 1748 586 1812 in
628 1747 925 1835 archiepiscopatus
967 1685 1123 1815 honorem
1159 1747 1205 1813 di-

63 1833 162 1916 latet,
199 1856 261 1899 nec
293 1834 459 1920 permittat
490 1834 525 1898 in
559 1834 646 1898 omni
678 1831 800 1921 Apulia
833 1856 891 1900 seu
923 1832 1075 1900 Calabria
1106 1832 1205 1900 latine

64 1916 224 2006 amplius,
263 1917 321 1984 sed
358 1940 474 2005 graece
510 1917 621 1983 divina
657 1920 812 2006 mysteria
850 1917 1022 1986 celebrare.
1080 1918 1205 1988 Merca

62 2014 151 2070 tores
174 2003 253 2068 dicit
274 2003 373 2070 fuisse
395 2004 565 2090 preteritos
586 2025 690 2091 papas
712 2014 745 2070 et
766 2004 915 2091 spiritum
930 2015 1078 2070 sanctum
1093 2003 1203 2072 vendi-

63 2089 160 2171 disse,
184 2110 248 2175 quo
270 2087 478 2154 uiuificantur
500 2099 533 2153 et
554 2099 711 2176 reguntur
738 2089 856 2174 omnia,
887 2089 944 2177 qui
965 2087 1070 2178 replet
1091 2087 1204 2156 orbem

62 2185 233 2256 terrarum,
257 2175 313 2262 qui
336 2174 504 2240 scientiam
526 2173 624 2240 habet
643 2175 743 2257 vocis,
773 2177 829 2262 qui
852 2183 901 2240 est
922 2196 998 2240 cum
1028 2173 1089 2242 deo
1111 2183 1204 2263 patre

63 2270 96 2326 et
117 2258 184 2325 filio
207 2260 276 2325 eius
297 2259 373 2325 Iesu
396 2257 525 2325 Chn'sto
548 2271 738 2326 coaeternus
761 2270 794 2325 et
815 2256 1111 2344 consubstantialis,
1133 2261 1203 2325 sine

61 2346 166 2428 initio,
189 2346 258 2411 sine
280 2343 354 2429 line,
375 2366 569 2431 permanens
591 2367 697 2428 verus,
720 2346 776 2432 qui
799 2345 904 2431 pretio
923 2367 988 2410 non
1003 2347 1203 2427 aestimatur,

63 2429 122 2496 sed
143 2453 164 2494 a
186 2429 315 2496 mundis
338 2430 434 2497 corde
463 2433 545 2497 tanti
575 2430 702 2512 emitur,
731 2430 844 2517 quanti
872 2430 1019 2496 habetur.
1065 2428 1204 2531 Scripsit

62 2517 172 2602 itaque
187 2513 981 2602 PolyeuctosConstantinopolitanuspatriarcha²
1019 2513 1203 2615 rivilegrum

61 2599 272 2686 Hydrontiuo
304 2602 467 2688 episcopo,
495 2602 647 2688 quatinus
669 2621 730 2664 sua
751 2601 941 2667 auctoritate
962 2538 1081 2667 habeat
1106 2599 1203 2667 heen-

62 2687 141 2751 tiam
165 2687 335 2772 episcopos
359 2684 570 2753 consecrandi
593 2687 627 2750 in
649 2683 837 2767 Acirentila,
865 2685 1016 2770 Turcico,
1047 2685 1201 2769 Gravina,

62 2772 217 2852 Macaria,
241 2771 419 2855 Tricorio³‚
466 2772 499 2835 ui
521 2770 564 2836 ad
588 2772 862 2836 consecrationem
887 2769 1009 2836 domini
1032 2769 1202 2858 apostolici

61 2858 222 2944 pertinere
245 2855 405 2923 videntur.
443 2794 516 2922 bed
540 2856 702 2944 quidhoc
725 2878 911 2939 memorem,
934 2878 1009 2920 cum
1031 2857 1103 2944 ipsa
1119 2854 1203 2922 Con·

62 2940 350 3029 stantinopolitana
383 2940 519 3007 ecclesia
554 2953 683 3007 nostrae
721 2952 851 3007 sanctae
889 2940 1067 3008 catholicae
1103 2952 1201 3029 atque

61 3027 260 3114 apostolicae
283 3026 438 3093 ecclesiae
460 3027 626 3093 Romanae
648 3027 763 3092 merito
786 3028 827 3092 sit
849 3026 1017 3094 subiecta?
1061 3027 1202 3111 Scimus,

61 3114 163 3178 immo
185 3112 344 3196 videmus,
368 3110 763 3200 Constantinopolitanum
790 3111 980 3262 episcopum
1008 3109 1107 3199 pallio
1136 3135 1203 3177 non

61 3199 120 3280 uti,
144 3198 207 3263 uisi
230 3199 332 3264 sancti
355 3199 456 3284 patris
478 3199 580 3263 nostri
624 3198 770 3264 ermissu.
840 3218 931 3263 erum
954 3219 1030 3262 cum
1050 3198 1205 3284 impiissi

62 3306 136 3348 mus
158 3280 341 3366 Albericus,
365 3305 462 3371 quem
484 3305 550 3348 non
656 3282 713 3348 tim
737 3280 907 3371 cupiditas,
937 3281 994 3348 sed
1022 3283 1113 3349 velut
1139 3292 1202 3348 tor·

61 3391 147 3451 rens,
170 3367 383 3519 impleveralr
395 3367 574 3433 Romanam
598 3367 761 3433 civitatem
783 3367 846 3434 sibi
868 3370 1070 3455 usurparet⁴,
1100 3366 1201 3433 domi·

62 3475 207 3542 numque
244 3464 359 3542 aposto
374 3454 459 3520 'cum
496 3453 590 3542 quasi
623 3474 751 3519 servum
784 3454 953 3540 proprium
986 3453 1021 3517 in
1053 3451 1203 3519 conclavi

61 3548 206 3622 tenera,
239 3537 405 3605 Romanus
437 3539 615 3627 imperator
650 3536 753 3604 filium
789 3559 885 3603 snum
918 3536 1009 3604 Theo
1033 3536 1202 3625 hylaeum

62 3623 251 3690 eunuchum
273 3624 489 3712 patriarcham
511 3624 713 3707 constituit⁸;
736 3645 877 3712 cumque
899 3644 973 3690 eum
1031 3622 1132 3690 berici
1148 3643 1202 3688 cu·

61 3709 183 3797 piditas
205 3730 271 3775 non
292 3707 414 3793 lateret,
436 3710 544 3775 missis
566 3710 596 3775 ei
618 3707 808 3775 muneribus
830 3709 908 3774 satis
924 3707 1061 3796 magnis,
1085 3707 1202 3791 effecit,

17 3854 20 3861 ,
62 3804 99 3861 ut
121 3815 164 3860 ex
186 3815 292 3883 papae
312 3797 444 3861 nomine
467 3791 711 3881 Theopbylacto
732 3791 936 3881 patriarchae
956 3791 1083 3859 litterae
1096 3792 1201 3860 mitte-

41 4008 42 4011 ,
63 3959 86 4011 a)
103 3966 152 4002 tum
172 3962 195 4000 G.

66 4093 93 4160 1)
108 4094 151 4145 De
172 4096 270 4148 infesto
290 4095 438 4163 Nicephori
451 4095 479 4145 in
494 4091 626 4146 ecclesias
640 4095 730 4145 animo
745 4092 780 4144 cf.
796 4091 913 4144 cedreni
925 4091 1070 4143 Historias.
1084 4089 1122 4155 11,
1135 4089 1200 4142 338.

64 4166 93 4233 2)
114 4169 168 4218 936
188 4169 265 4238 April
284 4171 301 4220 8
320 4197 358 4208 -
377 4168 431 4219 9⁷0
451 4168 558 4220 Ianuar.
617 4168 646 4233 3)
666 4169 814 4231 haerenae,
834 4165 922 4230 Tarsi,
942 4165 1070 4230 Gravina,
1085 4165 1201 4230 Mateta,

62 4243 210 4296 l‘ricarico.
268 4243 298 4311 4)
318 4244 475 4307 aaa-aul,
496 4243 531 4294 cf.
551 4242 613 4294 Ant.
634 4242 678 4294 111
700 4257 723 4294 c.
737 4241 782 4292 4⁶.
841 4240 870 4307 b)
890 4241 922 4292 A.
944 4239 998 4290 933
1013 4238 1064 4292 die
1078 4240 1104 4292 2.
1118 4239 1200 4292 Febr.

61 4334 173 4385 puerum
194 4325 259 4370 tunc
279 4319 399 4372 sedecim
419 4334 558 4370 annorum.

912 4417 943 4465 11
954 4415 964 4437 ⁸
