<?xml version="1.0" encoding="UTF-8"?>
<!DOCTYPE html PUBLIC "-//W3C//DTD XHTML 1.0 Transitional//EN"
    "http://www.w3.org/TR/xhtml1/DTD/xhtml1-transitional.dtd">
<html xmlns="http://www.w3.org/1999/xhtml" xml:lang="en" lang="en">
 <head>
  <title>
</title>
<meta http-equiv="Content-Type" content="text/html;charset=utf-8" />
  <meta name='ocr-system' content='tesseract 3.04.00' />
  <meta name='ocr-capabilities' content='ocr_page ocr_carea ocr_par ocr_line ocrx_word'/>
</head>
<body>
  <div class='ocr_page' id='page_1' title='image "./operaomnia00liudgoog_0095.png"; bbox 0 0 2932 4718; ppageno 0'>
   <div class='ocr_carea' id='block_1_1' title="bbox 261 224 1265 281">
    <p class='ocr_par' dir='ltr' id='par_1_1' title="bbox 261 224 1265 281">
     <span class='ocr_line' id='line_1_1' title="bbox 261 224 1265 281; baseline -0.001 -2"><span class='ocrx_word' id='word_1_1' title='bbox 261 224 496 280; x_wconf 75' lang='lat' dir='ltr'>LIUDPRANDI</span> <span class='ocrx_word' id='word_1_2' title='bbox 516 225 783 281; x_wconf 73' lang='lat' dir='ltr'>ANTAPODOSIS.</span> <span class='ocrx_word' id='word_1_3' title='bbox 822 226 896 279; x_wconf 82' lang='lat' dir='ltr'><strong>LIB.</strong></span> <span class='ocrx_word' id='word_1_4' title='bbox 916 226 971 279; x_wconf 92' lang='lat'>111.</span> <span class='ocrx_word' id='word_1_5' title='bbox 1011 224 1131 278; x_wconf 73' lang='lat' dir='ltr'><strong>att-tt.</strong></span> <span class='ocrx_word' id='word_1_6' title='bbox 1226 226 1265 278; x_wconf 73' lang='grc'><strong>69</strong></span> 
     </span>
    </p>
   </div>
   <div class='ocr_carea' id='block_1_2' title="bbox 64 393 1417 3798">
    <p class='ocr_par' dir='ltr' id='par_1_2' title="bbox 64 393 1417 3798">
     <span class='ocr_line' id='line_1_2' title="bbox 117 393 1263 498; baseline 0 -36"><span class='ocrx_word' id='word_1_7' title='bbox 117 395 285 485; x_wconf 84' lang='lat' dir='ltr'><strong>amplioris</strong></span> <span class='ocrx_word' id='word_1_8' title='bbox 306 396 372 461; x_wconf 90' lang='lat' dir='ltr'><strong>iam</strong></span> <span class='ocrx_word' id='word_1_9' title='bbox 394 397 538 498; x_wconf 75' lang='lat' dir='ltr'><strong>potentie</strong></span> <span class='ocrx_word' id='word_1_10' title='bbox 561 406 655 479; x_wconf 86' lang='lat' dir='ltr'><strong>esset,</strong></span> <span class='ocrx_word' id='word_1_11' title='bbox 684 393 804 463; x_wconf 85' lang='lat' dir='ltr'><strong>talibus</strong></span> <span class='ocrx_word' id='word_1_12' title='bbox 831 395 1022 496; x_wconf 77' lang='lat' dir='ltr'><strong>adgreditur</strong></span> <span class='ocrx_word' id='word_1_13' title='bbox 1043 396 1176 464; x_wconf 88' lang='lat' dir='ltr'><strong>eosdem</strong></span> <span class='ocrx_word' id='word_1_14' title='bbox 1198 418 1263 464; x_wconf 91' lang='lat' dir='ltr'><strong>ser-</strong></span> 
     </span>
     <span class='ocr_line' id='line_1_3' title="bbox 117 480 1263 570; baseline 0.003 -23"><span class='ocrx_word' id='word_1_15' title='bbox 117 481 270 548; x_wconf 78' lang='lat' dir='ltr'><strong>monibus</strong></span> <span class='ocrx_word' id='word_1_16' title='bbox 297 482 477 570; x_wconf 87' lang='lat' dir='ltr'><strong>princrpes:</strong></span> <span class='ocrx_word' id='word_1_17' title='bbox 522 482 696 565; x_wconf 79' lang='lat' dir='ltr'><strong>‘Quoniam</strong></span> <span class='ocrx_word' id='word_1_18' title='bbox 726 502 890 548; x_wconf 87' lang='lat' dir='ltr'><strong>commum</strong></span> <span class='ocrx_word' id='word_1_19' title='bbox 922 494 1031 549; x_wconf 84' lang='lat' dir='ltr'><strong>vestro</strong></span> <span class='ocrx_word' id='word_1_20' title='bbox 1063 480 1179 548; x_wconf 89' lang='lat' dir='ltr'><strong>iuditio</strong></span> <span class='ocrx_word' id='word_1_21' title='bbox 1213 492 1263 550; x_wconf 86' lang='lat' dir='ltr'><strong>est</strong></span> 
     </span>
     <span class='ocr_line' id='line_1_4' title="bbox 118 565 1262 656; baseline 0.001 -25"><span class='ocrx_word' id='word_1_22' title='bbox 118 565 297 650; x_wconf 87' lang='lat' dir='ltr'><strong>definitum,</strong></span> <span class='ocrx_word' id='word_1_23' title='bbox 319 565 545 655; x_wconf 74' lang='lat' dir='ltr'><strong>imperialibus</strong></span> <span class='ocrx_word' id='word_1_24' title='bbox 567 588 619 632; x_wconf 90' lang='lat' dir='ltr'><strong>me</strong></span> <span class='ocrx_word' id='word_1_25' title='bbox 634 568 683 633; x_wconf 91' lang='lat' dir='ltr'><strong>uti</strong></span> <span class='ocrx_word' id='word_1_26' title='bbox 699 565 823 655; x_wconf 82' lang='lat' dir='ltr'><strong>caligis,</strong></span> <span class='ocrx_word' id='word_1_27' title='bbox 846 568 1115 655; x_wconf 80' lang='grc' dir='ltr'><strong>περιφανέστατοι</strong></span> <span class='ocrx_word' id='word_1_28' title='bbox 1129 589 1262 656; x_wconf 68' lang='lat' dir='ltr'><strong>aporuit,</strong></span> 
     </span>
     <span class='ocr_line' id='line_1_5' title="bbox 141 649 1262 736; baseline -0.001 -18"><span class='ocrx_word' id='word_1_29' title='bbox 141 651 357 736; x_wconf 81' lang='lat' dir='ltr'><strong>erifanestati,</strong></span> <span class='ocrx_word' id='word_1_30' title='bbox 388 651 424 718; x_wconf 93' lang='lat' dir='ltr'><strong>id</strong></span> <span class='ocrx_word' id='word_1_31' title='bbox 452 663 501 718; x_wconf 92' lang='lat' dir='ltr'><strong>est</strong></span> <span class='ocrx_word' id='word_1_32' title='bbox 533 649 729 718; x_wconf 84' lang='lat' dir='ltr'><strong>nobilissimi</strong></span> <span class='ocrx_word' id='word_1_33' title='bbox 751 651 877 736; x_wconf 87' lang='lat' dir='ltr'><strong>heroes,</strong></span> <span class='ocrx_word' id='word_1_34' title='bbox 907 661 1036 719; x_wconf 86' lang='lat' dir='ltr'><strong>vestrae</strong></span> <span class='ocrx_word' id='word_1_35' title='bbox 1059 653 1262 719; x_wconf 75' lang='lat' dir='ltr'><strong>auctoritatis</strong></span> 
     </span>
     <span class='ocr_line' id='line_1_6' title="bbox 117 675 1262 839; baseline 0 -36"><span class='ocrx_word' id='word_1_36' title='bbox 117 675 337 804; x_wconf 78' lang='lat' dir='ltr'><strong>benivolentia</strong></span> <span class='ocrx_word' id='word_1_37' title='bbox 359 757 444 839; x_wconf 84' lang='lat' dir='ltr'><strong>quae</strong></span> <span class='ocrx_word' id='word_1_38' title='bbox 466 735 657 821; x_wconf 77' lang='lat' dir='ltr'><strong>contulistis,</strong></span> <span class='ocrx_word' id='word_1_39' title='bbox 679 734 832 803; x_wconf 84' lang='lat' dir='ltr'><strong>videntur</strong></span> <span class='ocrx_word' id='word_1_40' title='bbox 852 735 1000 803; x_wconf 83' lang='lat' dir='ltr'><strong>mihimet</strong></span> <span class='ocrx_word' id='word_1_41' title='bbox 1027 745 1129 820; x_wconf 77' lang='grc' dir='ltr'><strong>αγλαα</strong></span> <span class='ocrx_word' id='word_1_42' title='bbox 1152 759 1262 821; x_wconf 84' lang='grc' dir='ltr'><strong>απινα,</strong></span> 
     </span>
     <span class='ocr_line' id='line_1_7' title="bbox 117 819 1261 911; baseline 0.001 -24"><span class='ocrx_word' id='word_1_43' title='bbox 117 820 214 910; x_wconf 85' lang='lat' dir='ltr'><strong>aglaa</strong></span> <span class='ocrx_word' id='word_1_44' title='bbox 237 823 347 910; x_wconf 88' lang='lat' dir='ltr'><strong>apina,</strong></span> <span class='ocrx_word' id='word_1_45' title='bbox 370 821 405 888; x_wconf 92' lang='lat' dir='ltr'><strong>1d</strong></span> <span class='ocrx_word' id='word_1_46' title='bbox 428 830 478 888; x_wconf 91' lang='lat' dir='ltr'><strong>est</strong></span> <span class='ocrx_word' id='word_1_47' title='bbox 506 822 657 909; x_wconf 87' lang='lat' dir='ltr'><strong>preciosa</strong></span> <span class='ocrx_word' id='word_1_48' title='bbox 678 820 775 905; x_wconf 86' lang='lat' dir='ltr'><strong>dona,</strong></span> <span class='ocrx_word' id='word_1_49' title='bbox 798 819 984 911; x_wconf 85' lang='lat' dir='ltr'><strong>diligentius</strong></span> <span class='ocrx_word' id='word_1_50' title='bbox 1005 843 1083 888; x_wconf 84' lang='lat' dir='ltr'><strong>vero</strong></span> <span class='ocrx_word' id='word_1_51' title='bbox 1113 821 1261 889; x_wconf 88' lang='lat' dir='ltr'><strong>couside-</strong></span> 
     </span>
     <span class='ocr_line' id='line_1_8' title="bbox 116 905 1260 991; baseline 0.001 -19"><span class='ocrx_word' id='word_1_52' title='bbox 116 907 201 973; x_wconf 93' lang='lat' dir='ltr'><strong>ranti</strong></span> <span class='ocrx_word' id='word_1_53' title='bbox 222 908 330 972; x_wconf 89' lang='lat' dir='ltr'><strong>visum</strong></span> <span class='ocrx_word' id='word_1_54' title='bbox 352 917 402 973; x_wconf 89' lang='lat' dir='ltr'><strong>est</strong></span> <span class='ocrx_word' id='word_1_55' title='bbox 422 905 503 972; x_wconf 90' lang='lat' dir='ltr'><strong>mibi</strong></span> <span class='ocrx_word' id='word_1_56' title='bbox 527 906 721 973; x_wconf 86' lang='lat' dir='ltr'><strong>histrionum</strong></span> <span class='ocrx_word' id='word_1_57' title='bbox 742 907 958 975; x_wconf 86' lang='lat' dir='ltr'><strong>mimorumve</strong></span> <span class='ocrx_word' id='word_1_58' title='bbox 980 929 1070 973; x_wconf 90' lang='lat' dir='ltr'><strong>more</strong></span> <span class='ocrx_word' id='word_1_59' title='bbox 1098 907 1260 991; x_wconf 84' lang='lat' dir='ltr'><strong>incedere,</strong></span> 
     </span>
     <span class='ocr_line' id='line_1_9' title="bbox 115 990 1261 1145; baseline 0 -1"><span class='ocrx_word' id='word_1_60' title='bbox 115 991 297 1145; x_wconf 53' lang='lat' dir='ltr'><strong>tili&amp;</strong></span> <span class='ocrx_word' id='word_1_61' title='bbox 317 990 963 1144; x_wconf 49' lang='lat' dir='ltr'><strong>”illudiltltbtdltllliff</strong></span> <span class='ocrx_word' id='word_1_62' title='bbox 978 991 1261 1144; x_wconf 60' lang='lat' dir='ltr'><strong>:ttlffl</strong></span> 
     </span>
     <span class='ocr_line' id='line_1_10' title="bbox 115 1101 1260 1315; baseline 0.001 -3"><span class='ocrx_word' id='word_1_63' title='bbox 115 1101 1260 1315; x_wconf 48' lang='lat' dir='ltr'><strong>martracriminarenturnumu</strong></span> 
     </span>
     <span class='ocr_line' id='line_1_11' title="bbox 115 1271 1258 1422; baseline 0.003 -25"><span class='ocrx_word' id='word_1_64' title='bbox 115 1329 253 1398; x_wconf 82' lang='lat' dir='ltr'><strong>melior?</strong></span> <span class='ocrx_word' id='word_1_65' title='bbox 295 1271 490 1420; x_wconf 70' lang='lat' dir='ltr'><strong>Igiturpante</strong></span> <span class='ocrx_word' id='word_1_66' title='bbox 500 1295 655 1400; x_wconf 77' lang='lat' dir='ltr'><strong>coionam</strong></span> <span class='ocrx_word' id='word_1_67' title='bbox 676 1272 820 1422; x_wconf 66' lang='lat' dir='ltr'><strong>prbbete,</strong></span> <span class='ocrx_word' id='word_1_68' title='bbox 842 1342 901 1400; x_wconf 87' lang='lat' dir='ltr'><strong>aut</strong></span> <span class='ocrx_word' id='word_1_69' title='bbox 919 1329 1041 1421; x_wconf 79' lang='lat' dir='ltr'><strong>caligas</strong></span> <span class='ocrx_word' id='word_1_70' title='bbox 1062 1327 1178 1422; x_wconf 81' lang='lat' dir='ltr'><strong>impe’</strong></span> <span class='ocrx_word' id='word_1_71' title='bbox 1213 1344 1258 1418; x_wconf 78' lang='lat' dir='ltr'><strong>e&#39;s,</strong></span> 
     </span>
     <span class='ocr_line' id='line_1_12' title="bbox 115 1415 1257 1507; baseline 0.001 -24"><span class='ocrx_word' id='word_1_72' title='bbox 115 1417 189 1505; x_wconf 90' lang='lat' dir='ltr'><strong>quis</strong></span> <span class='ocrx_word' id='word_1_73' title='bbox 225 1415 402 1483; x_wconf 67' lang='lat' dir='ltr'><strong>ridiculw</strong></span> <span class='ocrx_word' id='word_1_74' title='bbox 431 1416 554 1507; x_wconf 92' lang='lat' dir='ltr'><strong>populo</strong></span> <span class='ocrx_word' id='word_1_75' title='bbox 582 1418 714 1502; x_wconf 85' lang='lat' dir='ltr'><strong>videor,</strong></span> <span class='ocrx_word' id='word_1_76' title='bbox 742 1417 885 1484; x_wconf 86' lang='lat' dir='ltr'><strong>auferte&#39;.</strong></span> <span class='ocrx_word' id='word_1_77' title='bbox 928 1415 1003 1484; x_wconf 87' lang='lat' dir='ltr'><strong>Hoc</strong></span> <span class='ocrx_word' id='word_1_78' title='bbox 1032 1416 1128 1507; x_wconf 87' lang='lat' dir='ltr'><strong>plane</strong></span> <span class='ocrx_word' id='word_1_79' title='bbox 1158 1416 1257 1502; x_wconf 88' lang='lat' dir='ltr'><strong>dicto,</strong></span> 
     </span>
     <span class='ocr_line' id='line_1_13' title="bbox 114 1502 1341 1592; baseline 0.002 -26"><span class='ocrx_word' id='word_1_80' title='bbox 114 1502 219 1590; x_wconf 79' lang='lat' dir='ltr'><strong>magis</strong></span> <span class='ocrx_word' id='word_1_81' title='bbox 241 1511 350 1568; x_wconf 87' lang='lat' dir='ltr'><strong>autem</strong></span> <span class='ocrx_word' id='word_1_82' title='bbox 374 1525 440 1591; x_wconf 84' lang='lat' dir='ltr'><strong>qua</strong></span> <span class='ocrx_word' id='word_1_83' title='bbox 461 1503 587 1571; x_wconf 69' lang='lat' dir='ltr'><strong>cuncus</strong></span> <span class='ocrx_word' id='word_1_84' title='bbox 608 1514 739 1592; x_wconf 84' lang='lat' dir='ltr'><strong>preerat</strong></span> <span class='ocrx_word' id='word_1_85' title='bbox 764 1503 936 1592; x_wconf 86' lang='lat' dir='ltr'><strong>potestatis</strong></span> <span class='ocrx_word' id='word_1_86' title='bbox 957 1503 1161 1586; x_wconf 86' lang='lat' dir='ltr'><strong>auctoritate,</strong></span> <span class='ocrx_word' id='word_1_87' title='bbox 1191 1523 1258 1568; x_wconf 88' lang='lat' dir='ltr'><strong>om·</strong></span> <span class='ocrx_word' id='word_1_88' title='bbox 1337 1548 1341 1554; x_wconf 88' lang='lat'><em>-</em></span> 
     </span>
     <span class='ocr_line' id='line_1_14' title="bbox 113 1585 1396 1678; baseline 0.009 -28"><span class='ocrx_word' id='word_1_89' title='bbox 113 1587 204 1651; x_wconf 91' lang='lat' dir='ltr'><strong>nium</strong></span> <span class='ocrx_word' id='word_1_90' title='bbox 225 1585 347 1652; x_wconf 86' lang='lat' dir='ltr'><strong>iudicio</strong></span> <span class='ocrx_word' id='word_1_91' title='bbox 370 1609 523 1654; x_wconf 88' lang='lat' dir='ltr'><strong>coronam</strong></span> <span class='ocrx_word' id='word_1_92' title='bbox 544 1589 678 1678; x_wconf 85' lang='lat' dir='ltr'><strong>recepit,</strong></span> <span class='ocrx_word' id='word_1_93' title='bbox 701 1599 734 1655; x_wconf 89' lang='lat' dir='ltr'><strong>et</strong></span> <span class='ocrx_word' id='word_1_94' title='bbox 755 1587 934 1677; x_wconf 74' lang='lat' dir='ltr'><strong>caligarum</strong></span> <span class='ocrx_word' id='word_1_95' title='bbox 949 1587 1101 1654; x_wconf 88' lang='lat' dir='ltr'><strong>decorem</strong></span> <span class='ocrx_word' id='word_1_96' title='bbox 1123 1587 1320 1658; x_wconf 73' lang='lat' dir='ltr'><strong>minimuum</strong></span> <span class='ocrx_word' id='word_1_97' title='bbox 1337 1615 1396 1660; x_wconf 69' lang='lat' dir='ltr'><strong>uss.</strong></span> 
     </span>
     <span class='ocr_line' id='line_1_15' title="bbox 138 1670 1261 1761; baseline 0 -24"><span class='ocrx_word' id='word_1_98' title='bbox 138 1670 266 1738; x_wconf 80' lang='lat' dir='ltr'><strong>erdidit</strong></span> <span class='ocrx_word' id='word_1_99' title='bbox 310 1671 420 1738; x_wconf 90' lang='lat' dir='ltr'><strong>Huius</strong></span> <span class='ocrx_word' id='word_1_100' title='bbox 434 1674 571 1739; x_wconf 87' lang='lat' dir='ltr'><strong>miretur</strong></span> <span class='ocrx_word' id='word_1_101' title='bbox 584 1672 791 1761; x_wconf 86' lang='lat' dir='ltr'><strong>prudentiam</strong></span> <span class='ocrx_word' id='word_1_102' title='bbox 806 1694 913 1757; x_wconf 92' lang='lat' dir='ltr'><strong>nemo,</strong></span> <span class='ocrx_word' id='word_1_103' title='bbox 935 1671 994 1739; x_wconf 93' lang='lat' dir='ltr'><strong>sed</strong></span> <span class='ocrx_word' id='word_1_104' title='bbox 1014 1670 1128 1739; x_wconf 85' lang='lat' dir='ltr'><strong>laudes</strong></span> <span class='ocrx_word' id='word_1_105' title='bbox 1141 1671 1261 1739; x_wconf 83' lang='lat' dir='ltr'><strong>referat</strong></span> 
     </span>
     <span class='ocr_line' id='line_1_16' title="bbox 113 1693 1376 1847; baseline 0.006 -25"><span class='ocrx_word' id='word_1_106' title='bbox 113 1693 176 1822; x_wconf 66' lang='lat' dir='ltr'><strong>beo</strong></span> <span class='ocrx_word' id='word_1_107' title='bbox 206 1755 316 1822; x_wconf 89' lang='lat' dir='ltr'><strong>cordis</strong></span> <span class='ocrx_word' id='word_1_108' title='bbox 345 1779 387 1823; x_wconf 86' lang='lat' dir='ltr'><strong>ex</strong></span> <span class='ocrx_word' id='word_1_109' title='bbox 415 1758 547 1842; x_wconf 89' lang='lat' dir='ltr'><strong>intimo,</strong></span> <span class='ocrx_word' id='word_1_110' title='bbox 578 1759 635 1847; x_wconf 91' lang='lat' dir='ltr'><strong>qui</strong></span> <span class='ocrx_word' id='word_1_111' title='bbox 665 1759 762 1847; x_wconf 83' lang='lat' dir='ltr'><strong>erigit</strong></span> <span class='ocrx_word' id='word_1_112' title='bbox 789 1757 896 1842; x_wconf 91' lang='lat' dir='ltr'><strong>elisos,</strong></span> <span class='ocrx_word' id='word_1_113' title='bbox 926 1756 1023 1825; x_wconf 89' lang='lat' dir='ltr'><strong>solvit</strong></span> <span class='ocrx_word' id='word_1_114' title='bbox 1056 1756 1308 1846; x_wconf 69' lang='lat' dir='ltr'><strong>compeditosrs.</strong></span> <span class='ocrx_word' id='word_1_115' title='bbox 1324 1787 1376 1830; x_wconf 77' lang='lat' dir='ltr'><strong>uss.</strong></span> 
     </span>
     <span class='ocr_line' id='line_1_17' title="bbox 111 1840 1401 1992; baseline 0.002 -86"><span class='ocrx_word' id='word_1_116' title='bbox 111 1842 207 1991; x_wconf 64' lang='lat' dir='ltr'><strong>puina</strong></span> <span class='ocrx_word' id='word_1_117' title='bbox 234 1841 275 1992; x_wconf 71' lang='lat' dir='ltr'><strong>ib</strong></span> <span class='ocrx_word' id='word_1_118' title='bbox 297 1863 398 1908; x_wconf 88' lang='lat' dir='ltr'><strong>manu</strong></span> <span class='ocrx_word' id='word_1_119' title='bbox 427 1840 513 1908; x_wconf 83' lang='lat' dir='ltr'><strong>calix</strong></span> <span class='ocrx_word' id='word_1_120' title='bbox 540 1842 609 1910; x_wconf 90' lang='lat' dir='ltr'><strong>vini</strong></span> <span class='ocrx_word' id='word_1_121' title='bbox 636 1845 718 1910; x_wconf 90' lang='lat' dir='ltr'><strong>meri</strong></span> <span class='ocrx_word' id='word_1_122' title='bbox 746 1842 862 1932; x_wconf 80' lang='lat' dir='ltr'><strong>plenum</strong></span> <span class='ocrx_word' id='word_1_123' title='bbox 888 1844 1013 1910; x_wconf 74' lang='lat' dir='ltr'><strong>mixto⁰</strong></span> <span class='ocrx_word' id='word_1_124' title='bbox 1034 1841 1193 1909; x_wconf 86' lang='lat' dir='ltr'><strong>inclinans</strong></span> <span class='ocrx_word' id='word_1_125' title='bbox 1216 1864 1308 1910; x_wconf 76' lang='lat' dir='ltr'><strong>exn..</strong></span> <span class='ocrx_word' id='word_1_126' title='bbox 1325 1867 1363 1920; x_wconf 79' lang='lat' dir='ltr'><strong>ss,</strong></span> <span class='ocrx_word' id='word_1_127' title='bbox 1378 1865 1401 1909; x_wconf 82' lang='lat' dir='ltr'><strong>s.</strong></span> 
     </span>
     <span class='ocr_line' id='line_1_18' title="bbox 136 1947 325 1993; baseline -0.005 0"><span class='ocrx_word' id='word_1_128' title='bbox 136 1947 175 1993; x_wconf 87' lang='lat' dir='ltr'><strong>oc</strong></span> <span class='ocrx_word' id='word_1_129' title='bbox 196 1949 231 1991; x_wconf 92' lang='lat' dir='ltr'><strong>m</strong></span> <span class='ocrx_word' id='word_1_130' title='bbox 276 1947 325 1993; x_wconf 88' lang='lat' dir='ltr'><strong>oc.</strong></span> 
     </span>
     <span class='ocr_line' id='line_1_19' title="bbox 197 2010 1256 2101; baseline 0.001 -24"><span class='ocrx_word' id='word_1_131' title='bbox 197 2011 251 2077; x_wconf 87' lang='grc'><strong>36.</strong></span> <span class='ocrx_word' id='word_1_132' title='bbox 283 2010 317 2078; x_wconf 89' lang='lat' dir='ltr'><strong>ls</strong></span> <span class='ocrx_word' id='word_1_133' title='bbox 345 2022 457 2078; x_wconf 87' lang='lat' dir='ltr'><strong>autem</strong></span> <span class='ocrx_word' id='word_1_134' title='bbox 482 2010 598 2079; x_wconf 92' lang='lat' dir='ltr'><strong>humili</strong></span> <span class='ocrx_word' id='word_1_135' title='bbox 625 2012 732 2092; x_wconf 83' lang='lat' dir='ltr'><strong>iuerat</strong></span> <span class='ocrx_word' id='word_1_136' title='bbox 760 2013 929 2101; x_wconf 88' lang='lat' dir='ltr'><strong>prosapia,</strong></span> <span class='ocrx_word' id='word_1_137' title='bbox 962 2035 1005 2080; x_wconf 88' lang='lat' dir='ltr'><strong>ex</strong></span> <span class='ocrx_word' id='word_1_138' title='bbox 1036 2014 1256 2079; x_wconf 87' lang='lat' dir='ltr'><strong>Armenorum</strong></span> 
     </span>
     <span class='ocr_line' id='line_1_20' title="bbox 112 2092 1255 2188; baseline 0.002 -28"><span class='ocrx_word' id='word_1_139' title='bbox 112 2092 238 2163; x_wconf 79' lang='lat' dir='ltr'><strong>sufficet</strong></span> <span class='ocrx_word' id='word_1_140' title='bbox 257 2106 365 2186; x_wconf 84' lang='lat' dir='ltr'><strong>gente,</strong></span> <span class='ocrx_word' id='word_1_141' title='bbox 388 2095 553 2181; x_wconf 88' lang='lat' dir='ltr'><strong>oriundus,</strong></span> <span class='ocrx_word' id='word_1_142' title='bbox 574 2119 683 2188; x_wconf 91' lang='lat' dir='ltr'><strong>neque</strong></span> <span class='ocrx_word' id='word_1_143' title='bbox 704 2095 810 2163; x_wconf 91' lang='lat' dir='ltr'><strong>solum</strong></span> <span class='ocrx_word' id='word_1_144' title='bbox 832 2108 940 2164; x_wconf 89' lang='lat' dir='ltr'><strong>mente</strong></span> <span class='ocrx_word' id='word_1_145' title='bbox 955 2106 1150 2186; x_wconf 81' lang='lat' dir='ltr'><strong>conceperat</strong></span> <span class='ocrx_word' id='word_1_146' title='bbox 1169 2096 1255 2163; x_wconf 82' lang='lat' dir='ltr'><strong>iutu-</strong></span> 
     </span>
     <span class='ocr_line' id='line_1_21' title="bbox 110 2179 1255 2272; baseline 0.001 -26"><span class='ocrx_word' id='word_1_147' title='bbox 110 2203 195 2266; x_wconf 89' lang='lat' dir='ltr'><strong>rum,</strong></span> <span class='ocrx_word' id='word_1_148' title='bbox 218 2202 253 2247; x_wconf 92' lang='lat' dir='ltr'><strong>se</strong></span> <span class='ocrx_word' id='word_1_149' title='bbox 273 2183 361 2270; x_wconf 87' lang='lat' dir='ltr'><strong>regis</strong></span> <span class='ocrx_word' id='word_1_150' title='bbox 382 2182 415 2248; x_wconf 90' lang='lat' dir='ltr'><strong>in</strong></span> <span class='ocrx_word' id='word_1_151' title='bbox 438 2179 514 2248; x_wconf 88' lang='lat' dir='ltr'><strong>aula</strong></span> <span class='ocrx_word' id='word_1_152' title='bbox 536 2204 616 2266; x_wconf 91' lang='lat' dir='ltr'><strong>esse,</strong></span> <span class='ocrx_word' id='word_1_153' title='bbox 637 2181 759 2249; x_wconf 89' lang='lat' dir='ltr'><strong>nedum</strong></span> <span class='ocrx_word' id='word_1_154' title='bbox 780 2180 964 2272; x_wconf 82' lang='lat' dir='ltr'><strong>imperialia</strong></span> <span class='ocrx_word' id='word_1_155' title='bbox 985 2193 1115 2271; x_wconf 86' lang='lat' dir='ltr'><strong>sceptra</strong></span> <span class='ocrx_word' id='word_1_156' title='bbox 1135 2192 1255 2249; x_wconf 86' lang='lat' dir='ltr'><strong>tenere.</strong></span> 
     </span>
     <span class='ocr_line' id='line_1_22' title="bbox 111 2264 1256 2366; baseline 0.002 -35"><span class='ocrx_word' id='word_1_157' title='bbox 111 2264 178 2332; x_wconf 85' lang='lat' dir='ltr'><strong>Sed</strong></span> <span class='ocrx_word' id='word_1_158' title='bbox 201 2265 281 2354; x_wconf 89' lang='lat' dir='ltr'><strong>quid</strong></span> <span class='ocrx_word' id='word_1_159' title='bbox 302 2265 476 2366; x_wconf 86' lang='lat' dir='ltr'><strong>prophetes</strong></span> <span class='ocrx_word' id='word_1_160' title='bbox 497 2265 596 2332; x_wconf 86' lang='lat' dir='ltr'><strong>Anna</strong></span> <span class='ocrx_word' id='word_1_161' title='bbox 616 2265 721 2334; x_wconf 85' lang='lat' dir='ltr'><strong>dicit?</strong></span> <span class='ocrx_word' id='word_1_162' title='bbox 765 2267 937 2334; x_wconf 86' lang='lat' dir='ltr'><strong>‘Dominus</strong></span> <span class='ocrx_word' id='word_1_163' title='bbox 964 2288 1145 2357; x_wconf 88' lang='lat' dir='ltr'><strong>pauperem</strong></span> <span class='ocrx_word' id='word_1_164' title='bbox 1166 2265 1256 2351; x_wconf 80' lang='lat' dir='ltr'><strong>facit,</strong></span> 
     </span>
     <span class='ocr_line' id='line_1_23' title="bbox 110 2348 1417 2440; baseline -0.001 -24"><span class='ocrx_word' id='word_1_165' title='bbox 110 2349 207 2435; x_wconf 90' lang='lat' dir='ltr'><strong>ditat,</strong></span> <span class='ocrx_word' id='word_1_166' title='bbox 229 2348 394 2435; x_wconf 77' lang='lat' dir='ltr'><strong>humiliat,</strong></span> <span class='ocrx_word' id='word_1_167' title='bbox 417 2361 450 2418; x_wconf 92' lang='lat' dir='ltr'><strong>et</strong></span> <span class='ocrx_word' id='word_1_168' title='bbox 472 2349 640 2436; x_wconf 84' lang='lat' dir='ltr'><strong>sublimat,</strong></span> <span class='ocrx_word' id='word_1_169' title='bbox 662 2352 824 2419; x_wconf 84' lang='lat' dir='ltr'><strong>suscitans</strong></span> <span class='ocrx_word' id='word_1_170' title='bbox 846 2363 975 2418; x_wconf 84' lang='lat' dir='ltr'><strong>eterra</strong></span> <span class='ocrx_word' id='word_1_171' title='bbox 995 2349 1137 2440; x_wconf 78' lang='lat' dir='ltr'><strong>inopem,</strong></span> <span class='ocrx_word' id='word_1_172' title='bbox 1160 2361 1193 2417; x_wconf 89' lang='lat' dir='ltr'><strong>et</strong></span> <span class='ocrx_word' id='word_1_173' title='bbox 1214 2350 1382 2434; x_wconf 74' lang='lat' dir='ltr'><strong>derassa,</strong></span> <span class='ocrx_word' id='word_1_174' title='bbox 1395 2371 1417 2416; x_wconf 85' lang='lat' dir='ltr'><strong>r.</strong></span> 
     </span>
     <span class='ocr_line' id='line_1_24' title="bbox 111 2434 1256 2526; baseline 0 -25"><span class='ocrx_word' id='word_1_175' title='bbox 111 2445 255 2502; x_wconf 85' lang='lat' dir='ltr'><strong>stercore</strong></span> <span class='ocrx_word' id='word_1_176' title='bbox 270 2436 399 2522; x_wconf 84' lang='lat' dir='ltr'><strong>erigens</strong></span> <span class='ocrx_word' id='word_1_177' title='bbox 433 2458 598 2524; x_wconf 81' lang='lat' dir='ltr'><strong>euperem,</strong></span> <span class='ocrx_word' id='word_1_178' title='bbox 610 2445 648 2503; x_wconf 92' lang='lat' dir='ltr'><strong>ut</strong></span> <span class='ocrx_word' id='word_1_179' title='bbox 661 2436 773 2504; x_wconf 84' lang='lat' dir='ltr'><strong>sedeat</strong></span> <span class='ocrx_word' id='word_1_180' title='bbox 786 2458 862 2504; x_wconf 89' lang='lat' dir='ltr'><strong>cum</strong></span> <span class='ocrx_word' id='word_1_181' title='bbox 873 2436 1078 2526; x_wconf 85' lang='lat' dir='ltr'><strong>principibus</strong></span> <span class='ocrx_word' id='word_1_182' title='bbox 1090 2447 1123 2503; x_wconf 89' lang='lat' dir='ltr'><strong>et</strong></span> <span class='ocrx_word' id='word_1_183' title='bbox 1138 2434 1256 2501; x_wconf 85' lang='lat' dir='ltr'><strong>solium</strong></span> 
     </span>
     <span class='ocr_line' id='line_1_25' title="bbox 64 2518 1255 2608; baseline 0 -21"><span class='ocrx_word' id='word_1_184' title='bbox 64 2572 72 2587; x_wconf 83' lang='grc'><strong>.</strong></span> <span class='ocrx_word' id='word_1_185' title='bbox 110 2518 233 2608; x_wconf 85' lang='lat' dir='ltr'><strong>gloriae</strong></span> <span class='ocrx_word' id='word_1_186' title='bbox 254 2530 374 2587; x_wconf 79' lang='lat' dir='ltr'><strong>teneat</strong></span> <span class='ocrx_word' id='word_1_187' title='bbox 454 2522 554 2587; x_wconf 91' lang='lat' dir='ltr'><strong>omini</strong></span> <span class='ocrx_word' id='word_1_188' title='bbox 576 2522 664 2588; x_wconf 87' lang='lat' dir='ltr'><strong>enirn</strong></span> <span class='ocrx_word' id='word_1_189' title='bbox 687 2532 764 2588; x_wconf 87' lang='lat' dir='ltr'><strong>sunt</strong></span> <span class='ocrx_word' id='word_1_190' title='bbox 785 2522 934 2590; x_wconf 78' lang='lat' dir='ltr'><strong>cardines</strong></span> <span class='ocrx_word' id='word_1_191' title='bbox 964 2524 1089 2588; x_wconf 85' lang='lat' dir='ltr'><strong>terrae’.</strong></span> <span class='ocrx_word' id='word_1_192' title='bbox 1130 2519 1176 2587; x_wconf 76' lang='lat' dir='ltr'><strong>m</strong></span> <span class='ocrx_word' id='word_1_193' title='bbox 1197 2521 1255 2587; x_wconf 82' lang='lat' dir='ltr'><strong>ita</strong></span> 
     </span>
     <span class='ocr_line' id='line_1_26' title="bbox 111 2603 1258 2696; baseline 0.002 -26"><span class='ocrx_word' id='word_1_194' title='bbox 111 2626 174 2692; x_wconf 89' lang='lat' dir='ltr'><strong>que</strong></span> <span class='ocrx_word' id='word_1_195' title='bbox 188 2603 375 2689; x_wconf 84' lang='lat' dir='ltr'><strong>immortali,</strong></span> <span class='ocrx_word' id='word_1_196' title='bbox 395 2603 567 2689; x_wconf 88' lang='lat' dir='ltr'><strong>invisibili,</strong></span> <span class='ocrx_word' id='word_1_197' title='bbox 598 2604 660 2672; x_wconf 94' lang='lat' dir='ltr'><strong>deo</strong></span> <span class='ocrx_word' id='word_1_198' title='bbox 690 2605 751 2673; x_wconf 88' lang='lat' dir='ltr'><strong>soli</strong></span> <span class='ocrx_word' id='word_1_199' title='bbox 771 2605 874 2674; x_wconf 90' lang='lat' dir='ltr'><strong>honor</strong></span> <span class='ocrx_word' id='word_1_200' title='bbox 903 2617 936 2673; x_wconf 90' lang='lat' dir='ltr'><strong>et</strong></span> <span class='ocrx_word' id='word_1_201' title='bbox 948 2605 1053 2696; x_wconf 86' lang='lat' dir='ltr'><strong>gloria</strong></span> <span class='ocrx_word' id='word_1_202' title='bbox 1065 2606 1126 2695; x_wconf 88' lang='lat' dir='ltr'><strong>per</strong></span> <span class='ocrx_word' id='word_1_203' title='bbox 1139 2616 1258 2673; x_wconf 87' lang='lat' dir='ltr'><strong>cuncta</strong></span> 
     </span>
     <span class='ocr_line' id='line_1_27' title="bbox 111 2688 567 2774; baseline -0.002 -18"><span class='ocrx_word' id='word_1_204' title='bbox 111 2688 294 2756; x_wconf 90' lang='lat' dir='ltr'><strong>seculorum</strong></span> <span class='ocrx_word' id='word_1_205' title='bbox 318 2688 437 2774; x_wconf 87' lang='lat' dir='ltr'><strong>secula,</strong></span> <span class='ocrx_word' id='word_1_206' title='bbox 460 2711 567 2757; x_wconf 88' lang='lat' dir='ltr'><strong>amen.</strong></span> 
     </span>
     <span class='ocr_line' id='line_1_28' title="bbox 196 2774 1253 2864; baseline 0.001 -24"><span class='ocrx_word' id='word_1_207' title='bbox 196 2774 249 2840; x_wconf 78' lang='lat'><strong>37.</strong></span> <span class='ocrx_word' id='word_1_208' title='bbox 281 2774 435 2863; x_wconf 89' lang='lat' dir='ltr'><strong>Denique</strong></span> <span class='ocrx_word' id='word_1_209' title='bbox 446 2774 594 2842; x_wconf 67' lang='lat' dir='ltr'><strong>Romani&gt;</strong></span> <span class='ocrx_word' id='word_1_210' title='bbox 608 2776 805 2864; x_wconf 87' lang='lat' dir='ltr'><strong>imperatore</strong></span> <span class='ocrx_word' id='word_1_211' title='bbox 816 2777 1002 2860; x_wconf 88' lang='lat' dir='ltr'><strong>constituto,</strong></span> <span class='ocrx_word' id='word_1_212' title='bbox 1018 2774 1253 2858; x_wconf 80' lang='lat' dir='ltr'><strong>Christofdron,</strong></span> 
     </span>
     <span class='ocr_line' id='line_1_29' title="bbox 111 2858 1392 2950; baseline 0.001 -26"><span class='ocrx_word' id='word_1_213' title='bbox 111 2881 209 2948; x_wconf 91' lang='lat' dir='ltr'><strong>quem</strong></span> <span class='ocrx_word' id='word_1_214' title='bbox 231 2868 306 2925; x_wconf 82' lang='lat' dir='ltr'><strong>ante</strong></span> <span class='ocrx_word' id='word_1_215' title='bbox 328 2860 457 2948; x_wconf 90' lang='lat' dir='ltr'><strong>imperii</strong></span> <span class='ocrx_word' id='word_1_216' title='bbox 478 2859 669 2948; x_wconf 84' lang='lat' dir='ltr'><strong>dignitatem</strong></span> <span class='ocrx_word' id='word_1_217' title='bbox 690 2858 858 2945; x_wconf 86' lang='lat' dir='ltr'><strong>habuerat,</strong></span> <span class='ocrx_word' id='word_1_218' title='bbox 880 2861 1109 2950; x_wconf 86' lang='lat' dir='ltr'><strong>imperatorem</strong></span> <span class='ocrx_word' id='word_1_219' title='bbox 1138 2860 1318 2926; x_wconf 77' lang='lat' dir='ltr'><strong>consti-att.</strong></span> <span class='ocrx_word' id='word_1_220' title='bbox 1336 2878 1392 2921; x_wconf 73' lang='lat' dir='ltr'><strong>ast</strong></span> 
     </span>
     <span class='ocr_line' id='line_1_30' title="bbox 110 2943 1254 3034; baseline 0 -24"><span class='ocrx_word' id='word_1_221' title='bbox 110 2943 205 3028; x_wconf 69' lang='lat' dir='ltr'><strong>tuit⁶3</strong></span> <span class='ocrx_word' id='word_1_222' title='bbox 227 2955 302 3032; x_wconf 90' lang='lat' dir='ltr'><strong>post</strong></span> <span class='ocrx_word' id='word_1_223' title='bbox 323 2946 453 3034; x_wconf 90' lang='lat' dir='ltr'><strong>imperii</strong></span> <span class='ocrx_word' id='word_1_224' title='bbox 474 2966 552 3010; x_wconf 89' lang='lat' dir='ltr'><strong>vero</strong></span> <span class='ocrx_word' id='word_1_225' title='bbox 575 2947 626 3011; x_wconf 92' lang='lat' dir='ltr'><strong>sui</strong></span> <span class='ocrx_word' id='word_1_226' title='bbox 649 2944 884 3012; x_wconf 85' lang='lat' dir='ltr'><strong>ordinationem</strong></span> <span class='ocrx_word' id='word_1_227' title='bbox 896 2967 982 3011; x_wconf 88' lang='lat' dir='ltr'><strong>uxor</strong></span> <span class='ocrx_word' id='word_1_228' title='bbox 1004 2945 1078 3011; x_wconf 72' lang='lat' dir='ltr'><strong>eius&#39;</strong></span> <span class='ocrx_word' id='word_1_229' title='bbox 1097 2945 1127 3011; x_wconf 92' lang='lat' dir='ltr'><strong>ei</strong></span> <span class='ocrx_word' id='word_1_230' title='bbox 1149 2943 1254 3010; x_wconf 89' lang='lat' dir='ltr'><strong>filium</strong></span> 
     </span>
     <span class='ocr_line' id='line_1_31' title="bbox 109 3027 1253 3119; baseline 0.001 -24"><span class='ocrx_word' id='word_1_231' title='bbox 109 3030 239 3117; x_wconf 87' lang='lat' dir='ltr'><strong>peperit</strong></span> <span class='ocrx_word' id='word_1_232' title='bbox 258 3031 391 3095; x_wconf 90' lang='lat' dir='ltr'><strong>nomine</strong></span> <span class='ocrx_word' id='word_1_233' title='bbox 412 3029 591 3096; x_wconf 78' lang='lat' dir='ltr'><strong>Staienum.</strong></span> <span class='ocrx_word' id='word_1_234' title='bbox 634 3030 778 3096; x_wconf 89' lang='lat' dir='ltr'><strong>Rursum</strong></span> <span class='ocrx_word' id='word_1_235' title='bbox 800 3041 957 3119; x_wconf 89' lang='lat' dir='ltr'><strong>concepto</strong></span> <span class='ocrx_word' id='word_1_236' title='bbox 979 3028 1078 3115; x_wconf 87' lang='lat' dir='ltr'><strong>foetu,</strong></span> <span class='ocrx_word' id='word_1_237' title='bbox 1100 3027 1201 3095; x_wconf 85' lang='lat' dir='ltr'><strong>alium</strong></span> <span class='ocrx_word' id='word_1_238' title='bbox 1222 3031 1253 3096; x_wconf 89' lang='lat' dir='ltr'><strong>ei</strong></span> 
     </span>
     <span class='ocr_line' id='line_1_32' title="bbox 110 3112 1254 3215; baseline 0.002 -36"><span class='ocrx_word' id='word_1_239' title='bbox 110 3114 239 3202; x_wconf 85' lang='lat' dir='ltr'><strong>peperit</strong></span> <span class='ocrx_word' id='word_1_240' title='bbox 264 3113 426 3182; x_wconf 88' lang='lat' dir='ltr'><strong>vocabulo</strong></span> <span class='ocrx_word' id='word_1_241' title='bbox 456 3112 736 3181; x_wconf 67' lang='lat' dir='ltr'><strong>Constantinum</strong></span> <span class='ocrx_word' id='word_1_242' title='bbox 780 3116 872 3197; x_wconf 77' lang='lat' dir='ltr'><strong>Quos</strong></span> <span class='ocrx_word' id='word_1_243' title='bbox 902 3136 1014 3183; x_wconf 89' lang='lat' dir='ltr'><strong>omnes</strong></span> <span class='ocrx_word' id='word_1_244' title='bbox 1040 3115 1254 3215; x_wconf 84' lang='lat' dir='ltr'><strong>imperatores</strong></span> 
     </span>
     <span class='ocr_line' id='line_1_33' title="bbox 111 3198 1253 3288; baseline -0.001 -23"><span class='ocrx_word' id='word_1_245' title='bbox 111 3198 322 3282; x_wconf 87' lang='lat' dir='ltr'><strong>constituens,</strong></span> <span class='ocrx_word' id='word_1_246' title='bbox 344 3210 457 3267; x_wconf 82' lang='lat' dir='ltr'><strong>sonna</strong></span> <span class='ocrx_word' id='word_1_247' title='bbox 471 3200 523 3265; x_wconf 91' lang='lat' dir='ltr'><strong>ius</strong></span> <span class='ocrx_word' id='word_1_248' title='bbox 536 3199 651 3288; x_wconf 84' lang='lat' dir='ltr'><strong>iusque</strong></span> <span class='ocrx_word' id='word_1_249' title='bbox 673 3223 708 3266; x_wconf 89' lang='lat' dir='ltr'><strong>se</strong></span> <span class='ocrx_word' id='word_1_250' title='bbox 730 3208 764 3266; x_wconf 90' lang='lat' dir='ltr'><strong>et</strong></span> <span class='ocrx_word' id='word_1_251' title='bbox 779 3199 1036 3288; x_wconf 78' lang='lat' dir='ltr'><strong>Christoph&#39;oron</strong></span> <span class='ocrx_word' id='word_1_252' title='bbox 1080 3199 1253 3287; x_wconf 80' lang='lat' dir='ltr'><strong>nmogeni·</strong></span> 
     </span>
     <span class='ocr_line' id='line_1_34' title="bbox 109 3222 1316 3374; baseline -0.002 -22"><span class='ocrx_word' id='word_1_253' title='bbox 109 3295 181 3352; x_wconf 90' lang='lat' dir='ltr'><strong>tum</strong></span> <span class='ocrx_word' id='word_1_254' title='bbox 198 3351 200 3356; x_wconf 83' lang='lat'><em>.</em></span> <span class='ocrx_word' id='word_1_255' title='bbox 219 3282 370 3349; x_wconf 68' lang='lat' dir='ltr'><strong>dominos</strong></span> <span class='ocrx_word' id='word_1_256' title='bbox 402 3306 462 3351; x_wconf 94' lang='lat' dir='ltr'><strong>suo</strong></span> <span class='ocrx_word' id='word_1_257' title='bbox 498 3285 688 3372; x_wconf 85' lang='lat' dir='ltr'><strong>imperatori</strong></span> <span class='ocrx_word' id='word_1_258' title='bbox 711 3283 936 3365; x_wconf 79' lang='lat' dir='ltr'><strong>Constantino</strong></span> <span class='ocrx_word' id='word_1_259' title='bbox 968 3222 1316 3374; x_wconf 72' lang='lat' dir='ltr'><strong>Porplyrogenitom.</strong></span> 
     </span>
     <span class='ocr_line' id='line_1_35' title="bbox 109 3363 1253 3457; baseline 0 -23"><span class='ocrx_word' id='word_1_260' title='bbox 109 3369 296 3457; x_wconf 87' lang='lat' dir='ltr'><strong>preposuit·</strong></span> <span class='ocrx_word' id='word_1_261' title='bbox 319 3367 403 3436; x_wconf 85' lang='lat' dir='ltr'><strong>adeo</strong></span> <span class='ocrx_word' id='word_1_262' title='bbox 424 3368 531 3457; x_wconf 87' lang='lat' dir='ltr'><strong>plane,</strong></span> <span class='ocrx_word' id='word_1_263' title='bbox 553 3379 591 3436; x_wconf 90' lang='lat' dir='ltr'><strong>ut</strong></span> <span class='ocrx_word' id='word_1_264' title='bbox 610 3369 824 3457; x_wconf 80' lang='lat' dir='ltr'><strong>procedentes</strong></span> <span class='ocrx_word' id='word_1_265' title='bbox 846 3370 936 3437; x_wconf 87' lang='lat' dir='ltr'><strong>istin</strong></span> <span class='ocrx_word' id='word_1_266' title='bbox 957 3367 1082 3457; x_wconf 91' lang='lat' dir='ltr'><strong>prolem</strong></span> <span class='ocrx_word' id='word_1_267' title='bbox 1108 3363 1169 3452; x_wconf 85' lang='lat' dir='ltr'><strong>sin,</strong></span> <span class='ocrx_word' id='word_1_268' title='bbox 1189 3366 1253 3435; x_wconf 88' lang='lat' dir='ltr'><strong>hoc</strong></span> 
     </span>
     <span class='ocr_line' id='line_1_36' title="bbox 110 3417 1321 3542; baseline -0.001 -22"><span class='ocrx_word' id='word_1_269' title='bbox 110 3463 160 3521; x_wconf 90' lang='lat' dir='ltr'><strong>est</strong></span> <span class='ocrx_word' id='word_1_270' title='bbox 181 3451 225 3519; x_wconf 85' lang='lat' dir='ltr'><strong>ad</strong></span> <span class='ocrx_word' id='word_1_271' title='bbox 246 3417 427 3542; x_wconf 87' lang='lat' dir='ltr'><strong>publicum,</strong></span> <span class='ocrx_word' id='word_1_272' title='bbox 448 3453 491 3520; x_wconf 89' lang='lat' dir='ltr'><strong>ad</strong></span> <span class='ocrx_word' id='word_1_273' title='bbox 514 3465 660 3521; x_wconf 71' lang='lat' dir='ltr'><strong>sanomm</strong></span> <span class='ocrx_word' id='word_1_274' title='bbox 684 3455 730 3521; x_wconf 91' lang='lat' dir='ltr'><strong>So</strong></span> <span class='ocrx_word' id='word_1_275' title='bbox 753 3455 853 3542; x_wconf 85' lang='lat' dir='ltr'><strong>hyam</strong></span> <span class='ocrx_word' id='word_1_276' title='bbox 876 3452 1008 3538; x_wconf 86' lang='lat' dir='ltr'><strong>scilicet,</strong></span> <span class='ocrx_word' id='word_1_277' title='bbox 1036 3478 1069 3535; x_wconf 68' lang='lat' dir='ltr'><strong>v⁴</strong></span> <span class='ocrx_word' id='word_1_278' title='bbox 1109 3451 1155 3532; x_wconf 84' lang='lat' dir='ltr'><strong>ud</strong></span> <span class='ocrx_word' id='word_1_279' title='bbox 1176 3451 1252 3519; x_wconf 85' lang='lat' dir='ltr'><strong>Vla·</strong></span> <span class='ocrx_word' id='word_1_280' title='bbox 1320 3484 1321 3487; x_wconf 38' lang='lat'>¹</span> 
     </span>
     <span class='ocr_line' id='line_1_37' title="bbox 111 3477 1254 3627; baseline 0 -23"><span class='ocrx_word' id='word_1_281' title='bbox 111 3536 261 3621; x_wconf 82' lang='lat' dir='ltr'><strong>charnas,</strong></span> <span class='ocrx_word' id='word_1_282' title='bbox 292 3560 351 3605; x_wconf 89' lang='lat' dir='ltr'><strong>seu</strong></span> <span class='ocrx_word' id='word_1_283' title='bbox 380 3536 423 3603; x_wconf 88' lang='lat' dir='ltr'><strong>ud</strong></span> <span class='ocrx_word' id='word_1_284' title='bbox 453 3548 582 3605; x_wconf 87' lang='lat' dir='ltr'><strong>sanctos</strong></span> <span class='ocrx_word' id='word_1_285' title='bbox 608 3477 786 3627; x_wconf 73' lang='lat' dir='ltr'><strong>apostolbs,</strong></span> <span class='ocrx_word' id='word_1_286' title='bbox 813 3539 978 3606; x_wconf 87' lang='lat' dir='ltr'><strong>Romanos</strong></span> <span class='ocrx_word' id='word_1_287' title='bbox 1007 3559 1083 3605; x_wconf 87' lang='lat' dir='ltr'><strong>cum</strong></span> <span class='ocrx_word' id='word_1_288' title='bbox 1110 3536 1254 3605; x_wconf 72' lang='lat' dir='ltr'><strong>Christo</strong></span> 
     </span>
     <span class='ocr_line' id='line_1_38' title="bbox 109 3622 1254 3715; baseline 0.001 -27"><span class='ocrx_word' id='word_1_289' title='bbox 109 3623 213 3711; x_wconf 91' lang='lat' dir='ltr'><strong>phoro</strong></span> <span class='ocrx_word' id='word_1_290' title='bbox 228 3622 446 3712; x_wconf 84' lang='lat' dir='ltr'><strong>primogenito</strong></span> <span class='ocrx_word' id='word_1_291' title='bbox 467 3623 689 3711; x_wconf 78' lang='lat' dir='ltr'><strong>precederent,</strong></span> <span class='ocrx_word' id='word_1_292' title='bbox 706 3623 938 3691; x_wconf 81' lang='lat' dir='ltr'><strong>Constantinus</strong></span> <span class='ocrx_word' id='word_1_293' title='bbox 951 3623 1254 3715; x_wconf 72' lang='lat' dir='ltr'><strong>Rorpbyrogenitus</strong></span> 
     </span>
     <span class='ocr_line' id='line_1_39' title="bbox 110 3705 1255 3798; baseline -0.003 -23"><span class='ocrx_word' id='word_1_294' title='bbox 110 3717 143 3775; x_wconf 92' lang='lat' dir='ltr'><strong>et</strong></span> <span class='ocrx_word' id='word_1_295' title='bbox 162 3705 230 3774; x_wconf 85' lang='lat' dir='ltr'><strong>duo</strong></span> <span class='ocrx_word' id='word_1_296' title='bbox 253 3708 374 3775; x_wconf 87' lang='lat' dir='ltr'><strong>caeteri</strong></span> <span class='ocrx_word' id='word_1_297' title='bbox 395 3719 618 3796; x_wconf 86' lang='lat' dir='ltr'><strong>sequerentur.</strong></span> <span class='ocrx_word' id='word_1_298' title='bbox 652 3708 751 3792; x_wconf 79' lang='lat' dir='ltr'><strong>Quod</strong></span> <span class='ocrx_word' id='word_1_299' title='bbox 769 3706 1021 3798; x_wconf 70' lang='lat' dir='ltr'><strong>vquamindigne</strong></span> <span class='ocrx_word' id='word_1_300' title='bbox 1035 3708 1140 3774; x_wconf 87' lang='lat' dir='ltr'><strong>iustus</strong></span> <span class='ocrx_word' id='word_1_301' title='bbox 1153 3705 1255 3774; x_wconf 84' lang='lat' dir='ltr'><strong>iu‘dex</strong></span> 
     </span>
    </p>
   </div>
   <div class='ocr_carea' id='block_1_3' title="bbox 109 3790 1438 4051">
    <p class='ocr_par' dir='ltr' id='par_1_3' title="bbox 109 3790 1438 4051">
     <span class='ocr_line' id='line_1_40' title="bbox 109 3790 1254 3945; baseline -0.003 -84"><span class='ocrx_word' id='word_1_302' title='bbox 109 3790 290 3945; x_wconf 54' lang='lat' dir='ltr'><strong>pertulerit,</strong></span> <span class='ocrx_word' id='word_1_303' title='bbox 319 3791 406 3860; x_wconf 85' lang='lat' dir='ltr'><strong>ulcio</strong></span> <span class='ocrx_word' id='word_1_304' title='bbox 430 3794 631 3881; x_wconf 88' lang='lat' dir='ltr'><strong>subsequens</strong></span> <span class='ocrx_word' id='word_1_305' title='bbox 653 3792 840 3882; x_wconf 73' lang='lat' dir='ltr'><strong>declararit</strong></span> <span class='ocrx_word' id='word_1_306' title='bbox 870 3792 1069 3881; x_wconf 81' lang='lat' dir='ltr'><strong>¹Nampost</strong></span> <span class='ocrx_word' id='word_1_307' title='bbox 1085 3790 1254 3878; x_wconf 79' lang='lat' dir='ltr'><strong>modicum</strong></span> 
     </span>
     <span class='ocr_line' id='line_1_41' title="bbox 140 3873 1438 3967; baseline -0.002 -24"><span class='ocrx_word' id='word_1_308' title='bbox 140 3877 363 3966; x_wconf 87' lang='lat' dir='ltr'><strong>hristophoros</strong></span> <span class='ocrx_word' id='word_1_309' title='bbox 385 3877 558 3945; x_wconf 82' lang='lat' dir='ltr'><strong>defunctus</strong></span> <span class='ocrx_word' id='word_1_310' title='bbox 580 3888 639 3946; x_wconf 91' lang='lat' dir='ltr'><strong>est.</strong></span> <span class='ocrx_word' id='word_1_311' title='bbox 684 3877 916 3946; x_wconf 81' lang='lat' dir='ltr'><strong>Constantinus</strong></span> <span class='ocrx_word' id='word_1_312' title='bbox 937 3878 1047 3967; x_wconf 89' lang='lat' dir='ltr'><strong>itaque</strong></span> <span class='ocrx_word' id='word_1_313' title='bbox 1068 3873 1317 3965; x_wconf 62' lang='lat' dir='ltr'><strong>Porphyreon,</strong></span> <span class='ocrx_word' id='word_1_314' title='bbox 1334 3893 1394 3962; x_wconf 53' lang='grc' dir='ltr'><strong>Μ,</strong></span> <span class='ocrx_word' id='word_1_315' title='bbox 1436 3920 1438 3925; x_wconf 91' lang='grc'>-</span> 
     </span>
     <span class='ocr_line' id='line_1_42' title="bbox 110 3960 1254 4051; baseline -0.001 -21"><span class='ocrx_word' id='word_1_316' title='bbox 110 3963 241 4051; x_wconf 82' lang='lat' dir='ltr'><strong>genitus</strong></span> <span class='ocrx_word' id='word_1_317' title='bbox 278 3983 354 4029; x_wconf 89' lang='lat' dir='ltr'><strong>cum</strong></span> <span class='ocrx_word' id='word_1_318' title='bbox 388 3963 533 4030; x_wconf 72' lang='lat' dir='ltr'><strong>trudoni</strong></span> <span class='ocrx_word' id='word_1_319' title='bbox 564 3974 634 4029; x_wconf 89' lang='lat' dir='ltr'><strong>tum</strong></span> <span class='ocrx_word' id='word_1_320' title='bbox 670 3960 871 4030; x_wconf 88' lang='lat' dir='ltr'><strong>leccionibus</strong></span> <span class='ocrx_word' id='word_1_321' title='bbox 900 3983 1040 4047; x_wconf 88' lang='lat' dir='ltr'><strong>vacans,</strong></span> <span class='ocrx_word' id='word_1_322' title='bbox 1076 3970 1182 4030; x_wconf 89' lang='lat' dir='ltr'><strong>totum</strong></span> <span class='ocrx_word' id='word_1_323' title='bbox 1218 3983 1254 4029; x_wconf 86' lang='lat' dir='ltr'><strong>se</strong></span> 
     </span>
    </p>
   </div>
   <div class='ocr_carea' id='block_1_4' title="bbox 111 4138 1255 4310">
    <p class='ocr_par' dir='ltr' id='par_1_4' title="bbox 111 4138 1255 4310">
     <span class='ocr_line' id='line_1_43' title="bbox 111 4138 1255 4200; baseline 0 -13"><span class='ocrx_word' id='word_1_324' title='bbox 111 4144 135 4198; x_wconf 80' lang='lat' dir='ltr'><strong>a)</strong></span> <span class='ocrx_word' id='word_1_325' title='bbox 150 4146 244 4189; x_wconf 80' lang='lat' dir='ltr'><strong>blebem</strong></span> <span class='ocrx_word' id='word_1_326' title='bbox 260 4149 282 4189; x_wconf 87' lang='lat' dir='ltr'><strong>t.</strong></span> <span class='ocrx_word' id='word_1_327' title='bbox 321 4145 360 4200; x_wconf 77' lang='lat' dir='ltr'><strong>b)</strong></span> <span class='ocrx_word' id='word_1_328' title='bbox 376 4138 453 4190; x_wconf 73' lang='lat' dir='ltr'><strong>stratu</strong></span> <span class='ocrx_word' id='word_1_329' title='bbox 470 4149 491 4190; x_wconf 82' lang='grc'><strong>1.</strong></span> <span class='ocrx_word' id='word_1_330' title='bbox 550 4143 572 4198; x_wconf 87' lang='lat' dir='ltr'><strong>o)</strong></span> <span class='ocrx_word' id='word_1_331' title='bbox 586 4145 649 4188; x_wconf 83' lang='lat' dir='ltr'><strong>mtttt</strong></span> <span class='ocrx_word' id='word_1_332' title='bbox 663 4156 723 4188; x_wconf 80' lang='lat' dir='ltr'><strong>sorr.</strong></span> <span class='ocrx_word' id='word_1_333' title='bbox 738 4146 813 4189; x_wconf 82' lang='lat' dir='ltr'><strong>mixto</strong></span> <span class='ocrx_word' id='word_1_334' title='bbox 829 4148 851 4189; x_wconf 86' lang='lat' dir='ltr'><strong>t.</strong></span> <span class='ocrx_word' id='word_1_335' title='bbox 870 4141 872 4144; x_wconf 76' lang='grc'>’</span> <span class='ocrx_word' id='word_1_336' title='bbox 911 4142 935 4197; x_wconf 88' lang='lat' dir='ltr'><strong>d)</strong></span> <span class='ocrx_word' id='word_1_337' title='bbox 949 4144 1054 4187; x_wconf 67' lang='lat' dir='ltr'><strong>aenituit</strong></span> <span class='ocrx_word' id='word_1_338' title='bbox 1069 4147 1091 4189; x_wconf 90' lang='lat'><strong>1.</strong></span> <span class='ocrx_word' id='word_1_339' title='bbox 1144 4141 1168 4198; x_wconf 83' lang='lat' dir='ltr'><strong>s)</strong></span> <span class='ocrx_word' id='word_1_340' title='bbox 1184 4141 1255 4187; x_wconf 75' lang='lat' dir='ltr'><strong>noca·</strong></span> 
     </span>
     <span class='ocr_line' id='line_1_44' title="bbox 112 4204 1254 4258; baseline 0 -11"><span class='ocrx_word' id='word_1_341' title='bbox 112 4206 168 4247; x_wconf 84' lang='lat' dir='ltr'><strong>huto</strong></span> <span class='ocrx_word' id='word_1_342' title='bbox 184 4215 230 4248; x_wconf 87' lang='lat' dir='ltr'><strong>oon</strong></span> <span class='ocrx_word' id='word_1_343' title='bbox 245 4207 333 4248; x_wconf 59' lang='lat' dir='ltr'><strong>minas</strong></span> <span class='ocrx_word' id='word_1_344' title='bbox 345 4208 428 4249; x_wconf 62' lang='lat' dir='ltr'><strong>sedate</strong></span> <span class='ocrx_word' id='word_1_345' title='bbox 443 4205 701 4258; x_wconf 75' lang='lat' dir='ltr'><strong>auaetroasoturmats</strong></span> <span class='ocrx_word' id='word_1_346' title='bbox 721 4216 789 4256; x_wconf 73' lang='lat' dir='ltr'><strong>cocu,</strong></span> <span class='ocrx_word' id='word_1_347' title='bbox 799 4205 860 4257; x_wconf 82' lang='lat' dir='ltr'><strong>sotto</strong></span> <span class='ocrx_word' id='word_1_348' title='bbox 880 4206 979 4257; x_wconf 66' lang='lat' dir='ltr'><strong>”quenti</strong></span> <span class='ocrx_word' id='word_1_349' title='bbox 994 4205 1072 4247; x_wconf 64' lang='lat' dir='ltr'><strong>metro.</strong></span> <span class='ocrx_word' id='word_1_350' title='bbox 1141 4204 1198 4258; x_wconf 70' lang='lat' dir='ltr'><strong>itta</strong></span> <span class='ocrx_word' id='word_1_351' title='bbox 1213 4205 1254 4247; x_wconf 77' lang='lat' dir='ltr'><strong>tac</strong></span> 
     </span>
     <span class='ocr_line' id='line_1_45' title="bbox 111 4266 590 4310; baseline 0.008 -4"><span class='ocrx_word' id='word_1_352' title='bbox 111 4277 160 4308; x_wconf 73' lang='lat' dir='ltr'><strong>aare</strong></span> <span class='ocrx_word' id='word_1_353' title='bbox 174 4267 255 4307; x_wconf 60' lang='lat' dir='ltr'><strong>&amp;sinit</strong></span> <span class='ocrx_word' id='word_1_354' title='bbox 270 4267 335 4307; x_wconf 66' lang='lat' dir='ltr'><strong>coda</strong></span> <span class='ocrx_word' id='word_1_355' title='bbox 354 4266 475 4308; x_wconf 74' lang='lat' dir='ltr'><strong>Vindobon.</strong></span> <span class='ocrx_word' id='word_1_356' title='bbox 491 4266 520 4307; x_wconf 80' lang='lat' dir='ltr'><strong>N.</strong></span> <span class='ocrx_word' id='word_1_357' title='bbox 537 4266 590 4310; x_wconf 77' lang='lat' dir='ltr'><strong>tat.</strong></span> 
     </span>
    </p>
   </div>
   <div class='ocr_carea' id='block_1_5' title="bbox 0 0 1470 4718">
    <p class='ocr_par' dir='ltr' id='par_1_5' title="bbox 0 0 1470 4718">
     <span class='ocr_line' id='line_1_46' title="bbox 0 0 1470 4718; baseline 0 2"><span class='ocrx_word' id='word_1_358' title='bbox 0 0 1470 4718; x_wconf 95' lang='lat' dir='ltr'><strong> </strong></span> 
     </span>
    </p>
   </div>
  </div>
 </body>
</html>
