2932 4718
224 279 278 331 110
372 278 605 333 maurusam
623 277 890 333 ANTAPODOSIS.
928 278 1002 333 LIB.
1020 280 1055 333 V.
1097 279 1217 333 19-21.

223 449 356 517 direxit.
399 447 499 533 Quod
519 469 596 516 vero
618 446 662 514 ad
683 445 877 534 Hispaniam
898 459 931 516 et
952 447 995 515 ad
1017 449 1183 518 civitatem
1204 449 1313 539 ipsam
1330 450 1366 517 in

224 542 739 704 susurramus,
752 529 1049 686 tlt-huss
1074 534 1366 690 wreus

223 708 392 796 regium
428 641 638 786 trlusienmu
698 639 829 770 utarltes
852 640 975 792 liddae
1001 727 1110 794 equos
1143 727 1280 796 seseque
1312 704 1367 772 siti

285 791 396 873 turos,
407 787 558 940 ¹preduce
578 785 643 855 sihi
728 787 872 877 Hugone
893 810 1049 858 cocceam
1067 802 1172 860 morte
1185 801 1282 859 tenus
1295 811 1368 858 uer·

303 885 347 958 to,
369 895 408 942 ce
420 874 518 942 eriori
539 895 639 963 quam
660 872 789 941 abirent
808 874 936 964 impetu
956 885 1195 944 revertuntur1.

74 1019 90 1028 ..
172 972 215 1032 (a)
310 961 363 1028 20.
395 957 471 1027 Hao
492 960 592 1026 etiam
613 957 730 1026 eadem
750 968 944 1048 tempestate
971 960 1059 1027 idem
1084 984 1146 1030 rex
1165 960 1268 1050 Hugo
1288 959 1368 1026 Ber-

79 1034 133 1078 m
147 1034 293 1115 seram
314 1043 416 1112 liliam
437 1065 542 1128 suam
571 1064 671 1133 quam
695 1065 738 1111 ex
763 1044 934 1112 meretrice
960 1044 1080 1113 Pezola
1105 1048 1177 1134 ipse
1198 1055 1367 1133 genuerat,

248 1155 286 1202 er
306 1128 523 1218 sigefredum,
544 1127 764 1196 venerabilem
785 1127 973 1197 Parmensis
1000 1130 1159 1200 aeclesiae
1179 1131 1368 1211 antistitem,

224 1155 440 1286 Constantino
466 1214 544 1281 olim
565 1213 695 1296 direxit,
716 1212 866 1280 Romarm
887 1213 1030 1316 parvulo
1053 1214 1263 1284 Constantini
1287 1215 1368 1283 Por·

225 1239 464 1404 phyrcqenitil>
481 1298 548 1366 lilio
577 1319 616 1365 co
641 1297 796 1400 islandam
823 1301 987 1401 comugio.
1039 1301 1253 1391 Tenebatque
1281 1321 1369 1369 sum·

188 1455 192 1461 ,
224 1409 317 1454 mum
337 1385 468 1474 imperti
487 1320 653 1452 Romanls
675 1405 789 1468 maior,
811 1384 1027 1474 eiusque-lilii
1049 1385 1114 1454 duo
1134 1385 1368 1455 Constantinus

225 1483 259 1542 et
281 1470 478 1562 Stephanus,
501 1467 622 1560 quibus
643 1478 720 1558 post
739 1469 912 1536 Romaubn
933 1471 1102 1560 prestabat
1123 1470 1368 1555 Constantinus,

224 1558 345 1626 Leonis
366 1555 571 1645 imperatoris
592 1552 707 1638 filius‘,
736 1556 830 1622 cuins
857 1555 1015 1645 parvulus
1044 1569 1109 1625 ex⁶
1136 1555 1275 1640 Helena,
1304 1554 1369 1623 Ro-

226 1643 317 1709 mani
337 1641 490 1708 maioris⁶
518 1640 723 1728 imperatoris
744 1638 821 1725 lilia,
846 1651 942 1708 natus
968 1643 1035 1709 iam
1060 1643 1261 1710 nominatam
1287 1640 1367 1708 Ber·

225 1738 304 1812 tam,
327 1748 426 1816 quam
448 1734 571 1792 mutato
593 1726 725 1791 nomine
741 1723 841 1792 Greci
856 1724 1007 1794 dixerant
1020 1727 1208 1813 Eudokian,
1229 1747 1369 1794 uxorem

226 1813 393 1880 duxerat2.
437 1809 500 1877 His
514 1811 625 1898 itaque
641 1818 794 1898 quattuor
806 1811 853 1876 im
877 1813 1053 1895 crantibus,
1069 1812 1255 1902 Stephanus
1269 1823 1369 1900 atque

227 1895 462 1965 Constantinus
488 1895 613 1978 frares,
641 1896 811 1982 ignorante
838 1832 1050 1965 domandus
1077 1897 1198 1966 Leonis
1225 1897 1366 1986 impera·

225 1983 305 2050 toris
326 1980 405 2062 filio,
437 1980 594 2047 adversus
615 1979 788 2046 Romanoa
809 1992 936 2069 patrem
965 2005 1063 2049 suum
1086 1983 1248 2073 quaedam
1269 1983 1369 2072 σφάλ-

226 2089 325 2152 ματα,
347 2064 505 2148 sfalmata,
526 2063 562 2131 id
585 2074 634 2131 est
653 2062 756 2148 dolos,
778 2066 1058 2136 machinabantur.
1109 2067 1258 2136 Tedehat
1279 2069 1368 2136 enim
1455 2144 1457 2150 y

224 2149 1368 2327 ῧὲἓὲ*Ἢηὲἓῒῗῖῗίιοᾞῗίἓὲἷΐῗζῖἓέῗογῗξιέἒὲηῗὲῗξέἕέ

225 2323 400 2407 deicerent,
463 2321 672 2387 rtractabsnt

311 2408 364 2476 21.
438 2405 622 2472 onstantino
648 2403 805 2472 olitanam
845 2405 1003 2494 palatium
1043 2430 1110 2474 uon
1145 2407 1368 2498 pulcritudine

226 2491 341 2578 solum,
364 2514 479 2560 verum
501 2492 599 2558 etiam
619 2428 809 2559 ldrtitudine
831 2492 994 2578 omuibus,
1016 2514 1098 2595 quas
1119 2515 1277 2596 umquam
1296 2515 1368 2582 per·

225 2579 400 2672 spexerim,
433 2573 668 2643 munitionibus
699 2585 833 2726 prestat,
870 2577 960 2666 quod
994 2588 1093 2646 suam
1124 2600 1195 2667 rugi
1226 2577 1367 2647 militum

224 2663 398 2752 stipatione
425 2682 493 2728 non
518 2660 655 2727 minima
681 2681 701 2727 o
726 2671 885 2729 servatur.
939 2663 1041 2730 Moris
1072 2663 1183 2751 itaque
1215 2674 1274 2749 est,
1304 2662 1368 2731 hoo

109 2767 152 2823 ’μ
162 2771 214 2816 sss.
224 2758 302 2839 post
332 2747 530 2815 matutinum
563 2744 806 2834 crepusculum*
839 2744 991 2814 omnibus
1023 2770 1104 2815 mox
1135 2759 1258 2837 patere,
1290 2760 1368 2839 post

224 2835 354 2903 tertiam
375 2852 453 2900 vero
475 2830 541 2897 'diei
561 2831 676 2897 horam
704 2832 831 2900 emissis
861 2833 1012 2901 omuibus
1039 2833 1116 2902 dat'o
1145 2835 1251 2923 signo,
1277 2835 1367 2923 quod

225 2930 274 2988 est
294 2923 370 3002 mis,
403 2938 507 3005 usque
528 2915 564 2981 in
584 2914 699 2982 horam
719 2938 840 2983 nonam
862 2919 990 2985 cunctis
1010 2918 1136 2986 aditum
1158 2919 1366 3008 prohibere⁸.

189 3063 191 3066 ,
223 3005 264 3072 ln
284 3003 347 3071 hoc
369 3003 471 3092 igitur
491 3000 656 3067 Romanos
676 3001 705 3068 is
727 3011 760 3067 to
782 3001 1061 3090 chrysotriclinon,
1091 3003 1126 3070 id
1153 3015 1203 3072 est
1230 3025 1367 3073 aureum

224 3087 410 3171 triclinium,
444 3107 528 3175 quae
561 3088 756 3173 prestantior
788 3109 863 3177 pars
891 3099 949 3171 est,
982 3090 1206 3176 potentissime
1232 3089 1367 3179 degens,

225 3184 369 3242 caeteras
390 3170 503 3261 palatii
524 3181 634 3260 partes
655 3194 776 3260 genero
800 3172 1014 3241 Constantino
1039 3174 1180 3264 filiisque
1202 3177 1271 3242 suis
1295 3176 1366 3244 Sta·

223 3258 333 3350 phano
369 3269 402 3325 ot
439 3256 652 3324 Constantino
689 3256 908 3326 distribuerat
966 3257 1013 3324 Hi
1046 3258 1111 3327 duo
1144 3259 1297 3350 deniqne,
1329 3271 1368 3329 ut

223 3343 437 3434 prediximus,
458 3364 525 3409 non
545 3341 685 3412 ferentes
707 3344 809 3429 patris
827 3343 947 3411 iustam
962 3346 1179 3430 severitatem,
1201 3347 1236 3412 in
1250 3367 1365 3413 eorum

225 3427 382 3497 cubiculis
397 3426 508 3494 multis
523 3448 562 3492 co
586 3426 627 3492 iis
642 3429 857 3515 congregatis,
872 3428 960 3497 diem
975 3431 1220 3516 constituenmt,
1232 3430 1365 3519 quando

223 3526 350 3604 patrem
373 3511 501 3579 deicere
524 3449 650 3599 solique
672 3511 738 3599 ipsi
765 3524 900 3600 possent
926 3536 1074 3601 regnare.
1117 3513 1271 3604 Cumque
1293 3512 1364 3583 dies

102 3622 160 3664 nse.
178 3599 393 3667 1s.adveniret
414 3607 535 3686 optata,
563 3597 690 3662 cunctis
719 3594 760 3662 de
786 3597 909 3696 palatio
936 3600 1031 3667 iuxta
1060 3621 1186 3668 morem
1213 3601 1365 3688 egresds

223 3763 247 3817 s)
264 3765 304 3806 atti
322 3784 348 3795 -
365 3763 405 3804 sttt
425 3763 503 3804 &aaut
519 3762 540 3806 5.
564 3761 608 3805 bs.
669 3760 694 3813 b)
709 3758 904 3816 persumme
920 3764 941 3806 ι.
1003 3761 1025 3816 o)
1041 3763 1139 3817 suasa·
1160 3763 1193 3817 tl,
1213 3774 1252 3817 ex,
1273 3773 1320 3818 saa
1340 3763 1368 3806 ἐκ

223 3825 322 3876 moreins
336 3823 442 3864 obeam

226 3938 255 4006 1)
276 3939 319 3993 Cf.
340 3937 486 3992 Benedicti
506 3937 598 3990 chron.
619 3953 644 3992 c.
663 3939 711 3991 30.
783 3936 813 4007 t)
835 3939 1006 3993 Constantia,
1024 3938 1229 4009 Porphyrsgsn.
1243 3936 1278 3990 ds
1292 3936 1366 3994 adm.

223 4016 288 4083 imp.
315 4030 342 4066 c.
368 4011 404 4063 26
430 4031 457 4081 p.
479 4002 592 4098 118ἱῆ
619 4005 890 4104 &saepesaepe
905 4009 981 4100 κατᾶξι
1002 4009 1036 4067 τὸ
1061 4006 1151 4099 drapo
1175 4006 1226 4097 “lt
1251 4003 1364 4084 μάμμης

224 4081 336 4232 trs,
357 4082 896 4215 causaturus
915 4082 1123 4215 trau
1141 4100 1173 4228 a
1190 4086 1366 4214 uersa

222 4178 428 4305 l’orpbylogon.
441 4235 476 4289 de
490 4199 584 4289 carim:
598 4178 807 4304 sulasllysdnt.
819 4237 849 4290 11
863 4199 934 4288 cdl:
954 4197 1051 4306 leudos,
1071 4224 1114 4288 ‘du
1126 4230 1154 4287 le
1165 4237 1226 4299 ταῖς
1238 4229 1367 4306 μεγάλαις

222 4302 364 4383 ἡμέραις.
385 4346 392 4363 .
414 4351 420 4364 .
441 4306 563 4364 blbowos
583 4309 672 4380 pluam
690 4300 765 4384 ὥρας
784 4307 874 4382 τρίτης
892 4305 1090 4383 πληρωμένης.
