2932 4718
250 180 484 236 mmmm
502 179 770 236 ANTAPODOSIS.
808 180 882 234 LIB.
901 183 938 236 11.
978 182 1096 236 at-tr.
1211 182 1245 235 89

193 352 246 419 27.
279 349 415 418 Talibus
437 352 547 439 itaque
569 373 629 417 rex
650 350 932 419 exhortationibus
950 351 993 418 ad
1006 373 1152 440 pugnam
1173 370 1308 419 suo-sss.

109 461 179 505 rum
216 437 351 506 accendi
385 436 511 503 animos
543 435 667 520 videns,
701 436 822 504 indicto
857 438 985 504 cunctis
1015 436 1153 519 silentio,
1185 436 1245 505 bec

108 525 225 591 iterum
238 523 340 590 divini
360 545 492 589 munere
507 519 647 587 flaminis
666 532 772 588 tactus
787 521 924 590 adiecit:
947 523 1143 590 ‘Priscorum
1158 522 1247 590 facta

108 633 232 699 rugum,
256 621 443 675 sanctorum
466 608 589 696 scripta
606 619 742 709 patrum
770 607 874 688 nobis,
903 608 983 696 quid
1011 630 1108 695 agere
1130 608 1247 676 debea-
1393 691 1396 693 ¹

109 717 190 778 mus,
220 695 395 760 insinuant
438 691 514 759 Non
541 696 649 759 'emm
679 703 729 760 est
756 692 818 760 deo
846 692 978 761 difficile
1022 695 1115 760 aucis
1136 693 1362 783 plurarem

108 790 261 881 sternere,
281 780 308 846 si
323 786 433 846 tamen
450 777 566 844 horum
586 777 643 867 qui
660 776 696 843 id
710 800 808 867 agere
824 780 970 867 cupiunt,
992 715 1074 846 ibes
1089 791 1245 862 meretur3

107 863 199 950 fides,
237 886 391 1017 mpuam,
421 885 488 929 nou
520 863 729 964 professionis
749 873 900 965 tantum,
936 863 994 931 sed
1027 866 1144 965 operis,
1180 887 1247 931 non

108 949 313 1017 solummoo
346 971 420 1033 ons,
454 960 504 1016 set
536 959 635 1014 etram
668 947 784 1015 cordis.
834 947 1024 1016 Voveamus
1054 960 1175 1038 itaque,
1207 971 1246 1014 ac

108 1035 291 1103 secundum
331 1034 533 1186 psalmistam
565 1047 643 1100 vota
675 1032 862 1137 reddamus,
901 1057 971 1137 ego,
1008 1036 1151 1123 inquam,
1177 1056 1295 1135 agorn.
1311 1057 1348 1110 rs,
1366 1058 1402 1100 ra

108 1123 211 1272 prus,
245 1121 302 1211 qur

368 1121 492 1208 gnitate
523 1118 639 1187 videor
671 1133 703 1186 et
736 1119 849 1189 ordrne
881 1142 1015 1209 prrmus.
1062 1117 1247 1186 Simomaca

132 1209 231 1274 erosis
266 1204 326 1273 deo
359 1206 473 1289 invisa,
511 1216 544 1272 et
576 1226 596 1269 a
627 1204 814 1272 beatissimo
846 1205 1068 1294 apostolorum
1100 1205 1247 1294 principe

108 1292 206 1360 Petro
239 1292 401 1373 damnata,
435 1312 519 1378 quae
549 1311 569 1354 a
599 1289 824 1357 decessoribus
856 1292 976 1358 nostris
1008 1291 1165 1359 bactenrm
1199 1300 1248 1357 est

110 1387 231 1445 temere
254 1375 426 1459 custodita,
449 1374 554 1441 modis
577 1375 729 1443 omnibus
744 1398 765 1441 a
778 1386 889 1444 nostro
912 1378 954 1442 sit
975 1397 1077 1462 regno
1164 1374 1246 1442 ulsa

109 1461 278 1613 &affimat
298 1462 437 1527 invicem
470 1461 603 1527 unitatis
637 1462 770 1545 caritas,
807 1462 836 1527 si
868 1482 951 1550 quos
983 1459 1104 1528 diaboli
1161 1461 1248 1528 ivisit

196 1633 249 1700 28.
281 1631 354 1698 Rex
373 1628 529 1696 nonnulla
543 1628 594 1695 his
609 1629 727 1696 similia
741 1629 848 1698 dicere
863 1643 1008 1720 cuperat,
1031 1653 1107 1697 cum
1122 1630 1247 1719 volipes
1258 1640 1299 1695 (t)

109 1717 244 1784 nuntius
276 1715 465 1804 Hungarios
497 1716 531 1779 in
547 1714 765 1804 ·Meresbnrg,
800 1714 888 1806 quod
920 1728 971 1784 est
1001 1718 1036 1782 in
1069 1716 1247 1801 Saxonum,

110 1802 373 1891 Turingiorum⁸,
404 1811 437 1867 et
460 1799 652 1867 Sclavorum
681 1802 821 1868 confinio
844 1813 996 1885 castrum,
1028 1823 1098 1870 esse
1119 1803 1247 1868 nuntia·

109 1889 176 1957 bat
227 1887 401 1954 Adiecerat
436 1887 544 1968 etiam,
578 1908 632 1952 eos
665 1909 730 1952 non
762 1887 925 1954 modicam
960 1886 1172 1975 parvulorum
1208 1908 1248 1952 ac

109 1973 282 2040 mulierum
311 1971 431 2039 habere
460 1971 606 2060 predam,
635 1973 780 2038 virorum
807 1995 885 2040 vero
918 1973 1099 2040 inmensam
1130 1971 1247 2039 fecisse

111 2071 270 2146 stragem,
303 2056 516 2124 condixerant
537 2057 633 2140 enim,
655 2079 676 2122 a
697 2056 822 2124 decimo
845 2068 878 2124 et
904 2057 1058 2146 deinceps
1086 2079 1171 2124 anno
1192 2080 1248 2142 ne·

110 2146 232 2211 minem
254 2166 289 2210 se
311 2143 519 2232 superstitem
539 2140 719 2226 relicturos,
753 2143 912 2232 quatinus
929 2166 988 2232 per
1008 2142 1071 2209 boo
1091 2155 1248 2209 terrorem

110 2253 176 2295 non
208 2250 349 2318 parvum
382 2224 569 2294 Saxonibus
599 2225 800 2295 adhiberent
854 2228 927 2295 Rex
959 2228 1077 2314 igitur,
1111 2239 1148 2295 ut
1180 2237 1249 2294 erat

110 2316 211 2381 animi
233 2324 394 2396 constans,
416 2310 536 2378 talibus
554 2335 621 2379 nou
634 2324 787 2395 terretur3
810 2335 925 2380 verum
946 2315 1052 2401 magis
1067 2314 1248 2402 magisque,

111 2412 235 2551 uphpro
264 2399 371 2488 patria
396 2419 544 2486 pugnare
572 2419 612 2462 ac
638 2397 846 2465 laudabiliter
874 2397 1015 2465 debeant
1044 2398 1247 2486 occumbere,

111 2508 128 2553 e
176 2496 311 2552 ortatur.
1017 2503 1019 2507 ·

195 2570 249 2636 ⁶29.
283 2568 419 2634 Vinctos
455 2568 578 2635 interea
612 2568 790 2656 Hungarii,
830 2568 859 2634 si
890 2568 972 2657 inpu
1055 2569 1064 2584 ‘
1098 2567 1247 2650 debeant,

112 2657 325 2723 sciscitantur.
353 2651 503 2742 Cumque
525 2655 567 2722 ab
589 2652 640 2719 bis
661 2676 727 2720 non
748 2652 842 2721 aliter
861 2675 958 2741 posse
1004 2654 1051 2721 eri
1065 2663 1248 2734 testaretur,

112 2738 371 2830 exploratoribus
389 2737 519 2806 directis
527 2739 552 2823 l,
574 2740 602 2804 si
623 2740 686 2806 hoc
699 2760 813 2805 verum
833 2761 904 2805 esse
918 2750 1038 2827 posset,
1061 2739 1248 2827 exquirunt
1308 2783 1312 2792 ·

113 2826 254 2894 Profecti
287 2823 427 2914 denique
465 2823 695 2912 exploratores,
733 2823 926 2890 Heinricum
958 2847 1069 2892 reem
1102 2825 1248 2890 inmenso

114 2934 186 2978 cum
215 2911 361 2977 exercitu
389 2909 483 2975 iuxta
508 2908 670 2998 prefatum
700 2908 860 2998 oppidum
887 2847 1080 2996 Meresburg
1108 2920 1249 2976 contem·

113 2996 251 3084 plentur.
287 2995 440 3096 Denique
453 2996 511 3060 vix
533 2995 575 3061 ad
598 3017 674 3060 suos
695 3001 845 3082 poterant
865 2995 1057 3083 reppedare,
1071 2994 1248 3061 adventum

113 3081 277 3150 exercitus
297 3090 460 3163 naubare,
493 3102 600 3169 neque
622 3080 709 3145 enirn
730 3078 780 3145 bis
806 3079 911 3146 fuerat
931 3079 1024 3164 alius,
1052 3101 1167 3147 verum
1189 3101 1249 3145 rex

114 3169 194 3257 ipse,
216 3164 293 3232 belli
313 3167 458 3232 nuntius.

199 3251 250 3318 30.
285 3248 384 3315 Haud
404 3271 507 3334 mora,
532 3247 654 3317 bellum
683 3250 848 3337 incipitur,
877 3261 976 3338 atque
998 3272 1042 3316 ex
1063 3249 1249 3316 christiano-

115 3359 187 3404 rum
221 3347 314 3424 parta
350 3346 462 3401 sancta
492 3357 532 3400 ac
566 3333 722 3403 mirabilis
753 3357 821 3401 vox
854 3337 950 3423 Κύριε
984 3341 1115 3418 abacos,
1154 3333 1249 3421 kyrie

115 3422 246 3574 elegeon,
268 3442 311 3488 ex
332 3441 444 3486 eorum
458 3442 536 3488 vero
557 3421 663 3508 turpis
679 3432 712 3487 et
726 3419 887 3487 diabolica
900 3419 967 3505 hiri,
981 3420 1048 3504 hrii,
1063 3419 1250 3508 frequenter

115 3530 157 3575 au
179 3509 256 3574 itur.
902 3525 910 3534 ·

199 3594 253 3660 31.
285 3587 431 3657 Dederat
450 3612 510 3657 rex
531 3589 704 3657 Heinricus
726 3593 793 3656 suis
817 3598 892 3658 ante
912 3588 991 3660 belli
1011 3587 1249 3675 inchoationem
1361 3622 1364 3629 ·

116 3674 304 3744 huiusmodi
336 3675 465 3762 sapiens
493 3696 533 3740 ac
566 3672 694 3744 salubre
717 3674 903 3742 consilium:
936 3674 1033 3744 ‘Cum
1065 3673 1109 3740 ad
1136 3669 1249 3740 Martis

117 3761 264 3831 ludium⁰
293 3759 443 3850 ceperitis
470 3780 656 3848 properare,
683 3782 779 3828 nemo
809 3762 927 3828 sotium
948 3759 1106 3843 velotiori,
1137 3779 1250 3847 quam-

118 3869 217 3938 quam
239 3845 366 3929 babeat,
389 3855 527 3934 temptet
545 3867 629 3934 equo
644 3847 761 3933 preire.
793 3845 919 3913 Verum
934 3845 1046 3935 clipeis
1060 3844 1249 3910 altrinsecus

120 3935 232 4024 operti,
254 3932 378 4021 primos
400 3944 614 4019 superacuta
696 3932 827 3998 ‘uarum
848 3932 933 3998 ictus
954 3931 1104 4018 recipite3
1131 3925 1250 3994 deinde
1350 4006 1357 4018 x

118 4040 215 4086 cursu
235 4014 375 4106 rappido
397 4016 608 4105 impetuque<¹
629 4039 670 4085 ve
694 4018 913 4083 amentissimo
934 4038 1033 4103 super
1053 4035 1109 4082 eos
1128 4012 1250 4095 irruite,

119 4235 143 4293 a)
154 4240 316 4291 munsterum
324 4241 347 4283 1.
407 4235 432 4290 b)
449 4236 541 4280 attacus
558 4239 580 4279 1.
642 4233 940 4288 statoriumsoaee.
1002 4233 1025 4287 d)
1042 4235 1177 4286 impetuque
1193 4235 1215 4278 t.
