2932 4718
393 213 628 268 LIUDPRANDI
647 213 821 270 tatano.
860 216 982 270 24-27.
1212 219 1264 271 ter

119 384 266 534 puinque
287 383 409 469 leones,
437 385 473 450 in
500 384 758 473 prenominatam
787 385 926 451 invisam
953 385 1088 453 domum
1116 409 1188 454 sum
1210 389 1264 457 de-
1277 407 1330 452 sse.

143 477 248 554 uctrrs,
271 468 329 535 ubi
349 479 424 558 post
450 468 730 536 hebdomadarum
757 470 900 558 spatium
920 471 1028 556 trium,
1058 469 1178 539 nullius
1200 475 1265 543 nisi

119 577 268 621 meorum
291 576 364 620 sum
391 552 554 644 colloquio
582 555 742 621 visitatus.
793 555 869 639 Qua
896 577 938 623 ex
965 578 1012 640 re,
1041 556 1265 646 Nicephorum

119 661 288 740 nunquam
320 662 374 706 nse
402 637 486 707 velle
516 639 688 723 dimittere,
718 652 810 706 mens
840 637 904 706 sibi
932 638 1082 730 depinxit
1108 665 1192 728 mea,
1224 665 1265 710 ac

119 725 253 792 tristrtia
280 723 457 791 immodica
484 724 676 825 languorem
703 722 856 813 languori
883 725 967 793 adeo
997 727 1263 816 superimposuit,

118 819 156 875 ut
176 811 245 877 vita
267 808 471 894 excederem,
493 812 556 877 nisi
578 809 657 876 mihi
679 807 763 875 banc
786 809 840 876 dei
861 811 1013 898 genetrix
1027 833 1048 878 a
1063 826 1208 880 creatore
1231 825 1264 881 et

119 893 186 961 filio
209 917 268 961 suo
291 896 446 983 precibus
475 893 652 980 obtineret3
684 894 972 984 quemadmodum}
998 918 1065 963 non
1091 898 1264 966 fantastica

118 979 177 1048 sed
198 1003 277 1048 vera
307 991 357 1047 est
377 981 458 1047 mihi
478 981 604 1049 visione
626 989 852 1048 monstratum.

204 1066 256 1133 25.
289 1065 353 1132 His
382 1088 462 1154 ergo
489 1067 593 1133 tribus
625 1063 887 1133 hebdomadibus
913 1063 1029 1133 habuit
1057 1065 1263 1169 Nicephorius
1367 1145 1369 1148 ¹

120 1162 214 1218 extra
236 1148 553 1240 Constantinopolim
574 1152 774 1234 metastasin,
795 1150 830 1217 id
852 1160 902 1217 est
924 1151 1106 1236 stationem,
1133 1175 1168 1218 rn
1187 1149 1263 1220 loco

119 1238 177 1326 qui
199 1235 321 1303 dicitur
341 1239 387 1316 εἰς
408 1238 520 1320 πήγας,
543 1235 578 1302 id
600 1247 651 1303 est
670 1234 726 1302 Ad
747 1235 863 1320 fontes,
886 1235 1068 1325 eodemque
1083 1260 1136 1304 me
1150 1240 1263 1307 venire

117 1322 279 1495 triti
308 1321 553 1473 iltuit?
564 1319 1140 1493 &attitulatam
1155 1323 1263 1476 iiii

117 1502 231 1580 operto
254 1493 372 1580 capite,
396 1491 484 1579 quod
504 1490 609 1558 malae
629 1489 808 1559 valetudini
830 1513 923 1558 meae
944 1491 1041 1556 nimis
1064 1456 1262 1560 coritrarium

116 1587 197 1659 erat,
220 1589 295 1642 ante
317 1599 352 1642 se
374 1599 427 1642 me
449 1588 536 1642 stare
559 1577 682 1664 coegit,
711 1578 766 1642 cui
788 1587 820 1642 et
842 1576 904 1642 ait:
938 1574 1085 1642 ‘Domini
1106 1578 1153 1643 tui
1174 1579 1263 1667 regis

116 1662 248 1731 Ottonis
270 1663 385 1745 nuntii,
408 1662 465 1751 qui
487 1661 641 1750 preterito
656 1673 688 1728 te
725 1673 928 1729 recesserant
940 1672 1057 1745 anno¹,
1080 1661 1262 1731 iuramento

115 1746 197 1812 mihi
218 1747 448 1835 promiserunt,
469 1760 502 1814 et
523 1747 699 1813 iurisiuran
724 1744 874 1814 'litterae
888 1746 1160 1834 inpresentiarum
1176 1758 1262 1834 sunt,

114 1853 285 1921 nunquam
319 1830 411 1898 illum
439 1832 474 1897 in
501 1829 612 1920 aliquo
641 1841 788 1898 noenum
821 1829 1041 1899 scandalizem
1073 1832 1261 1920 imperium.

114 1917 177 2019 yis
206 1919 312 2018 maius
341 1915 542 2018 scandalum,
572 1937 673 2018 quam
703 1916 792 2006 quod
824 1937 859 1982 se
890 1917 1121 2004 imperatorem
1150 1931 1260 2005 vocat,

112 2025 261 2171 titt,
280 1999 1056 2176 {tl'ditttssint'ltffltidiittlt
1077 2013 1262 2156 titt&

112 2175 215 2240 immo
237 2194 299 2238 nec
320 2170 530 2254 audiendum,
558 2169 648 2259 quod
673 2193 709 2237 se
730 2172 960 2259 imperatorem
990 2173 1146 2238 nominat.
1192 2139 1260 2242 Sed

114 2258 144 2325 si
165 2257 340 2325 confirmas
362 2257 477 2324 eadem
499 2277 585 2346 quae
606 2256 670 2345 ipsi
691 2255 850 2340 fecerunt,
877 2254 1077 2322 fontinatam
1107 2266 1140 2324 ta
1161 2268 1260 2347 atque

113 2341 310 2431 locupletem
331 2343 462 2430 imperii
482 2341 585 2408 nostri
607 2343 760 2409 maiestas
783 2341 847 2408 cito
877 2340 1036 2408 dimittet.
1085 2338 1127 2407 Id
1148 2353 1260 2410 autem

113 2450 236 2496 eonon
250 2426 344 2511 dixit,
361 2438 399 2494 ut
412 2448 482 2509 vos,
498 2427 526 2493 si
540 2448 614 2492 mea
631 2424 693 2491 boc
709 2424 847 2494 stultitia
859 2425 991 2510 iaceret,
1013 2437 1260 2495 conservaturos

115 2522 289 2603 sperare¹,
319 2511 377 2578 sed
405 2510 510 2579 voluit
529 2509 650 2578 habere
677 2533 735 2599 pre
760 2510 934 2604 manibus,
956 2509 1045 2598 quod
1071 2511 1107 2578 in
1128 2509 1260 2581 laudem

112 2621 208 2666 suam
231 2608 264 2664 et
286 2595 517 2664 contumeliam
538 2604 683 2662 nostram
705 2595 890 2665 ostenderet
909 2595 1027 2662 futuris
1044 2597 1260 2686 temporibus.

200 2684 253 2751 26.
288 2680 352 2749 Cui
379 2683 529 2782 inquam:
569 2680 694 2769 ‘Nuper
720 2681 946 2749 sanctissimus
975 2679 1128 2765 dominus
1155 2705 1259 2768 meus,

114 2780 152 2836 ut
173 2778 223 2834 est
245 2767 504 2856 sapientissimus
527 2777 561 2834 et
581 2766 698 2855 spiritu
720 2766 772 2833 dei
792 2765 927 2854 plenus,
954 2765 1036 2832 baec
1061 2789 1260 2854 prenoscens

114 2876 200 2944 quae
223 2853 353 2935 asseris,
376 2874 418 2918 ne
440 2853 606 2936 terminos,
634 2871 717 2940 quos
746 2851 914 2918 constituit
941 2849 1031 2932 mihi,
1052 2852 1260 2920 transceude-

112 2961 193 3023 rem,
216 2937 369 3020 ἓντόλινα,
391 2936 425 3003 id
448 2948 499 3004 est
519 2947 722 3025 preceptum,
749 2938 877 3003 conseri
901 2935 953 3020 sit,
982 2936 1072 3025 quod
1098 2948 1130 3004 et
1151 2937 1259 3026 sigillo

112 3024 259 3110 signavit
280 3044 350 3104 suo,
371 3044 413 3088 ne
436 3043 530 3088 secus
551 3020 715 3088 facerem’.
759 3022 841 3105 Scis,
872 2959 1004 3088 domine
1033 3023 1079 3086 mi
1107 3034 1258 3111 auguste,

112 3131 180 3199 qua
201 3109 236 3176 id
257 3106 381 3174 fiducia
402 3105 552 3173 dixerim.
596 3104 775 3174 ‘'Eminuu
802 3102 892 3173 istud
918 3105 954 3171 in
981 3105 1126 3172 medium
1151 3107 1258 3195 profe-

111 3205 214 3277 ratur,
246 3204 279 3260 et
308 3190 467 3281 quicquid
496 3191 636 3276 iusserit,
670 3192 852 3259 iuramento
880 3212 902 3256 a
927 3212 982 3258 me
1010 3188 1072 3258 tibi
1099 3191 1258 3261 firmetur

113 3278 182 3348 Sed
194 3276 299 3368 quodb
311 3276 459 3366 preteriti
474 3277 580 3343 nuntii
594 3287 705 3378 preter
721 3276 898 3343 iussionem
914 3273 1039 3343 domini
1056 3276 1122 3344 mei
1136 3279 1266 3366 promi·

111 3373 234 3448 serunt,
255 3364 454 3444 iuraverunt,
476 3370 749 3450 conscripserunt,
770 3361 817 3427 ita
831 3368 889 3446 est,
904 3370 943 3426 ut
955 3357 1049 3428 Plato
1064 3361 1126 3428 ait:
1148 3359 1259 3430 Oausa

111 3453 213 3539 penes
235 3458 412 3537 optantem,
435 3446 516 3513 deus
538 3456 632 3514 extra
653 3444 802 3535 culpam'.
1088 3501 1091 3504 ,
1182 3474 1192 3488 ·

198 3532 251 3600 27.
284 3533 347 3598 His
370 3530 520 3621 expletis,
544 3542 680 3600 ventum
709 3542 759 3599 est
787 3530 831 3597 ad
851 3529 1070 3598 nobilissimos
1090 3531 1258 3621 principes
1289 3604 1295 3613 ,

112 3618 310 3709 Capuanum
332 3626 365 3684 et
384 3616 687 3702 Beneventanum¹,
732 3638 793 3682 uos
814 3617 885 3704 ipse
906 3637 1018 3683 servos
1037 3616 1196 3700 nominat,
1225 3627 1259 3686 et
1369 3641 1372 3648 ¹

110 3704 155 3774 ob
177 3725 262 3805 quos
282 3702 455 3769 intestinus
475 3702 586 3789 ipsum
598 3703 702 3791 agitat
710 3638 820 3768 dolor:
848 3699 998 3786 aanor,
1018 3700 1135 3801 inquit,
1156 3707 1257 3768 ‘meos

110 3789 265 3857 dominus
286 3798 364 3855 tuus
385 3787 420 3853 in
440 3785 576 3854 tutelam
598 3788 667 3854 reci
689 3787 715 3854 it
736 3807 847 3870 suam,
870 3807 954 3876 quos
974 3785 1002 3851 si
1015 3807 1083 3852 non
1098 3783 1258 3853 dimiserit

111 3876 200 3943 etin
220 3873 392 3963 pristinam
414 3872 603 3949 servitutem
623 3809 797 3959 redegerit,
824 3882 936 3938 nostra
956 3869 1101 3971 amicitia
1122 3869 1256 3940 aarebit.
1278 3955 1281 3959 ἢ

113 4000 138 4056 ι)
155 4005 308 4045 conseruetos
324 4011 445 4054 sperarem
461 4000 483 4043 0.
500 4000 581 4041 Μαι
599 3999 739 4043 &varaia
800 3997 826 4054 b)
842 3999 905 4051 quod
921 3999 971 4043 aad.
987 3999 1127 4042 (imma.

114 4096 144 4168 1)
166 4099 209 4153 Cf.
230 4116 254 4154 c.
274 4102 325 4167 81,
352 4098 461 4152 contin.
486 4097 622 4165 Reginos.
650 4095 715 4148 96⁸1.
799 4093 829 4163 2)
853 4095 1004 4151 Pandolius
1031 4102 1115 4166 eaput
1138 4096 1256 4166 tensum

110 4176 239 4244 princeps
260 4174 407 4244 Capuanus
427 4179 455 4226 et
473 4170 627 4224 Landulfus
652 4171 737 4224 freter
756 4171 824 4238 eius,
846 4170 900 4224 dux
919 4171 1142 4237 Beneventanus,
1161 4170 1257 4227 Ottoni

110 4263 183 4302 auno
203 4248 258 4299 967
277 4250 389 4302 ineunte
408 4263 438 4301 se
458 4246 646 4300 subdiderant.

966 4345 1018 4397 10·
