2932 4718
159 231 161 236 ’
248 245 282 298 rs
404 242 1071 300 muoraaunrrursrooosrs.u1s.1.
1110 241 1231 297 rs-sr.

331 414 383 482 29.
417 414 525 482 Causa
546 423 656 514 autern
683 411 853 481 simultatis
879 415 964 482 inter
984 415 1178 481 Formosum
1205 435 1249 502 pa
1349 424 1383 483 et

245 501 410 568 Romanos
430 499 511 566 haec
539 497 612 565 hut
654 499 805 566 Formosi
832 498 1002 568 decessore
1030 499 1213 585 defunct01,
1270 500 1382 588 ergius

247 585 386 676 quidam
400 585 568 651 Romam
588 583 743 653 eeclesiae
764 583 920 652 diaconus
941 596 1021 669 erat,
1042 607 1141 674 quem
1158 584 1381 653 Romanorum

245 693 321 776 pars
343 669 504 761 quaedam
524 690 646 760 papam
666 671 729 738 sibi
751 668 902 758 elegerat
938 669 1109 754 Quaedam
1129 691 1208 738 vero
1222 692 1299 774 pars
1314 693 1382 739 non

244 756 358 825 intima
377 756 580 859 nominatum
593 756 798 859 quprosum,
817 757 1004 858 Portuensis
1026 757 1165 857 civintis
1178 776 1382 858 episcopum,

245 863 406 1083 {titt
420 839 1382 1016 shhhilirfflffilihiii‘iidmdffliiiid‘im

246 1038 262 1082 s

329 1035 402 1081 rum
416 1012 557 1080 vicarius
570 1009 712 1078 ordinari
726 1012 901 1097 debuisset,
924 1033 973 1097 ea,
987 1034 1072 1101 quae
1085 1012 1236 1079 Formosi
1248 1010 1324 1080 fave
1367 1023 1382 1080 t

246 1098 404 1253 {tlte
424 1095 1202 1272 ppffiqspsffiuqmgpmqpmffia
1216 1108 1249 1165 ⁰³
1262 1098 1382 1165 Μ*

331 1270 384 1336 30.
416 1266 659 1357 Descenditque
686 1266 819 1356 Sergius
845 1205 881 1335 rh
909 1268 1078 1352 Tusciam,
1107 1267 1262 1356 quatinus
1281 1264 1385 1335 Adel·

199 1359 201 1362 ’
246 1354 340 1440 berti,
373 1353 590 1444 potentissimi
621 1352 826 1436 marchionis,
858 1353 981 1421 auxilio
1013 1355 1208 1455 iuvaretcrq
1227 1351 1316 1441 quod
1348 1361 1393 1454 et

151 1449 213 1552 ¹⁸³⁹
214 1449 237 1552 ²³
246 1440 450 1594 pem
472 1437 631 1613 ,diiii
632 1436 916 1591 11ῗέοὲθὲἓέ
929 1437 1186 1593 illliffii
1198 1459 1383 1612 tttt‘

112 1623 239 1669 0⁰⁴-211-
249 1575 447 1700 sergiusque
466 1629 557 1710 papa
582 1631 641 1696 per
660 1608 872 1677 Adelbertum
902 1612 1117 1678 constituitur.
1161 1608 1236 1693 Quo
1264 1571 1382 1675 consti3

248 1706 327 1780 tuto,
349 1706 387 1762 ut
404 1695 514 1783 inpius
529 1694 812 1784 doctrinarumque
827 1705 1012 1763 sancmum
1026 1696 1171 1784 ignarus,
1186 1694 1382 1761 Formosum

248 1805 268 1850 e
296 1779 445 1870 sepulcro
478 1778 647 1846 extrahere
674 1791 772 1870 atquc
799 1781 835 1846 in
863 1780 973 1848 sedern
1001 1781 1141 1847 Romani
1172 1778 1382 1866 pontificatus

121 1886 124 1892 ’
248 1863 502 1935 sacerdotalibus
522 1865 722 1932 vestimentis
743 1864 893 1932 indutum
915 1865 1073 1933 collocare
1094 1865 1242 1955 precepit
1251 1874 1273 1930 ².
1318 1861 1383 1932 Oui

186 1965 238 2007 ⁸⁹²·
247 1963 280 2019 et
294 1953 356 2018 ait:
378 1948 475 2017 ‘Cum
488 1950 676 2017 Portuensis
691 1973 778 2017 esses
792 1953 976 2041 episcopus,
992 1973 1051 2018 cur
1064 1948 1250 2017 ambitionis
1265 1949 1383 2038 spiritu

166 2024 236 2068 ''b“
246 2037 428 2104 Romanam
455 2034 670 2103 universalem
697 2038 862 2125 usurpasti
882 2036 1025 2104 sedem'?
1061 2036 1124 2102 His
1150 2057 1168 2102 e
1216 2034 1303 2118 letis,
1331 2055 1381 2100 sa-

142 2171 146 2186 .
249 2123 344 2189 cratis
366 2143 445 2188 mox
466 2131 601 2187 exutum
622 2120 824 2188 vestimentis
844 2122 1020 2211 digitisque
1045 2118 1149 2188 tribus
1171 2119 1317 2203 accisis,
1346 2118 1382 2184 in

247 2207 392 2275 Tiberim
412 2207 533 2273 iactare
554 2208 711 2294 precepit,
741 2217 939 2296 cunctosque
961 2229 1043 2296 quos
1064 2207 1075 2271 i
1101 2227 1136 2272 se
1166 2204 1382 2288 ordinaverat,

246 2291 352 2409 gradu
372 2293 503 2380 proprio
526 2290 699 2391 depositos,
720 2290 838 2357 iterum
853 2292 1023 2359 ordinavit
1091 2291 1159 2357 uod
1178 2311 1277 2379 quarn
1296 2287 1382 2356 male

132 2386 235 2442 ·p.ass.
263 2400 322 2466 ege
341 2378 374 2462 't,
382 2374 812 2466 patersanctrssime,inhoc
822 2377 1217 2464 animadverterepoteris,
1226 2375 1381 2465 quoniam

249 2475 283 2532 et
301 2462 345 2543 hi,
368 2463 425 2552 qui
445 2483 466 2526 a
486 2461 577 2544 Iuda,
600 2461 724 2527 domini
745 2463 847 2528 nostri
866 2463 942 2530 Iesu
965 2462 1085 2539 Christi
1105 2459 1280 2551 proditore,
1306 2470 1382 2526 ante

246 2546 463 2640 proditionem
489 2545 627 2613 salutem
657 2568 715 2613 seu
742 2546 1002 2615 benedictionem
1031 2544 1245 2635 apostolicam
1271 2565 1381 2646 perce

246 2643 373 2722 perunt,
395 2653 434 2700 ea
451 2642 526 2719 post
539 2631 756 2720 proditionem
771 2634 958 2721 propriique
974 2633 1119 2722 corporis
1134 2650 1382 2720 suspensronem

246 2720 379 2785 minime
412 2727 487 2783 sunt
541 2717 647 2801 rivati,
679 2717 742 2783 nisi
771 2739 853 2806 quos
881 2716 1032 2807 improba
1056 2716 1140 2783 forte
1158 2714 1383 2783 'defaedarunt

246 2802 378 2893 flagitia
421 2739 610 2869 Benedictio
633 2801 793 2903 siquidem
815 2825 898 2891 quae
928 2803 1083 2870 ministris
1106 2801 1228 2869 Christi
1256 2801 1381 2890 impen-

246 2889 342 2973 ditur,
364 2909 431 2954 non
451 2909 510 2974 per
530 2909 605 2954 eum
649 2910 684 2953 ur
705 2887 843 2971 videtur,
869 2885 928 2956 sed
950 2889 1008 2977 qui
1028 2909 1095 2953 non
1115 2884 1253 2970 videtur,
1277 2906 1382 2953 saeer-

96 2989 172 3035 reor.
182 2988 237 3043 tt·
248 2973 357 3042 dotem
377 2971 567 3039 infunditur.
641 2994 724 3061 eque
746 2975 831 3039 enim
854 2974 910 3063 qui
931 2975 1018 3061 rigat
1038 2984 1088 3040 est
1111 2969 1245 3059 aliquid,
1274 2992 1382 3061 neque

249 3061 306 3148 qui
326 3058 461 3148 plantat,
483 3056 551 3142 scd,
573 3058 629 3146 qui
649 3059 884 3126 incrementum
906 3059 972 3140 dat,
994 3059 1085 3127 deus.

334 3144 385 3210 31.
419 3143 567 3225 Quantae
582 3153 690 3210 eutem
705 3155 789 3210 essct
802 3145 1012 3228 auctoritatis,
1035 3153 1239 3232 quantaeque
1254 3140 1382 3241 religio·

247 3230 298 3295 nis
318 3250 404 3317 papa
425 3229 601 3296 Formosus
623 3227 729 3312 fuerit,
751 3230 826 3296 hinc
848 3229 998 3317 colligere
1021 3248 1205 3317 possumus,
1227 3246 1381 3315 quomam

247 3313 327 3380 dum
348 3335 369 3378 a
389 3312 604 3401 piscatoribus
625 3313 834 3402 postmodum
854 3325 939 3382 esset
960 3316 1110 3381 inventus
1124 3324 1222 3402 atque
1236 3309 1280 3379 ad
1294 3309 1382 3378 beati

195 3475 198 3480 ,
248 3399 336 3466 Petri
357 3397 577 3487 apostolorum
597 3399 753 3487 principis
769 3399 937 3467 ecclesiam
951 3399 1174 3487 deportatas
1194 3407 1381 3463 sanctorum

194 3514 197 3573 3
249 3482 389 3573 quedem
410 3484 567 3570 imagines
588 3481 674 3550 hunc
696 3486 731 3550 in
751 3484 856 3551 loculo
878 3487 1021 3574 positum
1046 3451 1276 3551 venerabiliter
1296 3479 1382 3547 salu·

248 3580 366 3637 tarunt
408 3568 482 3635 Hoc
507 3589 650 3657 namque
671 3591 692 3634 a
716 3569 968 3658 religiosissimis
995 3570 1161 3637 Romanae
1188 3564 1279 3634 urbis
1301 3567 1382 3632 viris

252 3762 278 3832 1)
299 3763 438 3832 Stephano
458 3764 482 3814 V
502 3765 577 3832 Sept.
601 3781 636 3817 m.
657 3763 722 3819 891.
759 3765 837 3817 Anno
862 3764 970 3817 demum
995 3764 1049 3816 sat
1072 3766 1143 3817 inter
1161 3761 1312 3816 Iohannem
1332 3761 1383 3814 tx.

250 3846 277 3892 et
302 3839 427 3906 Sergium
455 3837 489 3890 de
518 3839 650 3906 dignitate
678 3840 770 3909 papali
800 3841 1000 3893 contentionem
1029 3845 1149 3891 exortam
1176 3852 1236 3890 esse
1266 3840 1382 3889 constat.

249 3911 279 3981 2)
293 3912 440 3967 confundit
452 3912 497 3964 hic
511 3920 605 3966 auctor
618 3913 784 3983 Stephanum
798 3915 847 3968 VI.
861 3911 1032 3984 (sss-897)
1048 3929 1107 3966 curn
1128 3912 1224 3979 Sergio
1236 3911 1290 3963 111.
1310 3925 1383 3979 papa

248 3987 430 4056 (sos-911),
450 4003 563 4055 qnorum
581 3993 694 4056 uterque
713 3989 837 4042 Formosi
855 3987 1041 4057 pontificatum
1056 3988 1160 4040 irritum
1177 3985 1272 4039 haberi
1288 3985 1383 4050 voluit,

249 4062 298 4115 sed
316 4060 364 4114 ills
385 4061 419 4114 de
438 4062 568 4116 Formosa
593 4063 648 4114 iarn
673 4061 780 4131 sepulto
804 4062 935 4116 indicium
961 4062 1063 4127 habuit,
1089 4060 1135 4114 hic
1158 4059 1274 4114 clericos
1293 4059 1328 4112 ab
1348 4074 1383 4112 eo

249 4137 387 4190 ordinatos
404 4138 502 4189 iterum
521 4137 640 4190 ordinari
659 4138 748 4190 iussit.
813 4137 844 4205 3)
858 4139 901 4189 De
920 4137 1045 4189 Formosi
1065 4134 1207 4188 cadaveris
1222 4135 1380 4188 inventione

250 4210 284 4264 et.
304 4211 406 4264 Auxilii
423 4209 546 4264 libellum
565 4213 594 4264 in
613 4211 798 4265 detonsionem
823 4227 918 4264 sacras
944 4210 1122 4264 ordinationis
1147 4224 1235 4279 papae
1258 4209 1382 4263 Formati

249 4302 266 4337 a
286 4301 329 4338 rna
349 4285 449 4339 editum
469 4286 491 4350 1,
511 4302 535 4340 c.
556 4288 599 4337 11.
