2932 4718
243 267 296 321 108
390 266 624 323 amararum
642 266 910 323 ANTAPODOSIS.
947 267 1022 321 LIB.
1042 267 1075 321 V.
1116 265 1235 324 tt-lt.

179 459 332 508 stimme
354 439 527 530 proiciunt,
550 437 739 529 eliguntque
760 439 871 529 potius
893 437 991 507 undis
1011 440 1181 530 submergi
1196 461 1296 531 quem
1310 441 1387 530 igne

124 519 180 564 ¹⁸⁸¹
197 522 391 593 ¹¹·eremari.
434 523 503 592 Alii
522 535 601 592 tunc
622 523 731 592 loricis
750 538 783 592 et
802 524 904 614 galeis
920 528 1055 611 onerati,
1075 547 1258 616 numquam
1271 526 1384 610 visuri,

242 611 311 678 ima
331 609 441 701 pelagi
461 619 594 699 petunt3
616 607 764 678 nonnulli
784 632 863 678 vero
885 620 1043 696 natantes,
1069 611 1155 680 inter
1174 611 1387 701 ipsosmarie
1461 639 1463 644 ’

243 693 363 764 fluctus
385 706 533 781 uruntur,
555 693 624 762 null
685 717 728 764 ue
755 694 810 763 die
831 694 887 762 illa
908 697 1021 781 erasit,
1051 697 1109 785 qui
1136 696 1216 786 fuga
1243 718 1315 765 sese
1343 694 1388 763 ad

243 788 364 850 terram
385 800 454 848 uon
472 779 635 849 hberavit.
673 822 676 827 ·
707 801 843 849 usorum
864 781 984 850 etemm
999 802 1109 867 neves,
1132 783 1174 851 ob
1189 783 1387 873 parvitatem

244 866 306 950 sui,
328 865 387 934 ubi
407 885 515 956 aquae
535 866 709 934 minimum
730 876 780 935 est
800 877 979 951 remeunt,
1002 865 1091 956 qnod
1115 865 1298 936 Grecornm
1312 865 1387 935 ebe

166 948 375 1018 teutlindis·
398 949 440 1020 ob
461 950 714 1040 profunditatem
736 952 789 1018 sui
810 951 917 1020 facere
943 963 1143 1041 nequeunt2.
1193 952 1316 1042 Inger*
1339 953 1387 1019 in·

285 1036 335 1105 nti
356 1057 432 1104 cum
454 1035 667 1105 confusione⁶
688 1030 899 1127 postmodum
926 1036 971 1104 ad
990 1038 1127 1126 propria
1140 1047 1192 1105 eet
1203 1048 1386 1105 reversura

295 1122 346 1188 eei
377 1142 456 1188 vero
488 1122 625 1189 victoria
655 1122 761 1211 potiti,
792 1123 889 1190 vivos
922 1142 1035 1189 secum
1066 1120 1187 1190 multos
1219 1122 1386 1207 ducenas,

245 1204 563 1295 Constantinopolim
707 1207 721 1272 i
742 1216 819 1274 sunt
837 1205 925 1276 laeti.
968 1206 1061 1289 Quos
1083 1229 1197 1275 omnes
1209 1207 1387 1291 Romanos,

242 1290 464 1443 inffmfi'
488 1228 758 1443 retpisnfihzednis
785 1293 901 1378 nuntii,
930 1292 1040 1359 vitrici
1073 1291 1197 1361 scilicet
1222 1294 1298 1378 mei,
1331 1291 1387 1360 de

243 1397 282 1444 co
343 1399 362 1443 e
407 1397 481 1444 rece
505 1400 517 1442 ι
648 1434 650 1438 Α

189 1475 232 1531 (r.)
333 1399 406 1529 lhp
413 1399 620 1551 Rexpitaque
640 1463 741 1550 Hugo
763 1473 961 1553 congregato
976 1463 1132 1548 exercitu,
1154 1460 1314 1531 classibus
1327 1483 1389 1552 per

180 1538 418 1614 ⁰⁴²·'l'irrenum
450 1567 540 1613 mare
573 1547 617 1614 ad
647 1547 862 1616 fraxinetum
895 1547 1037 1632 directis
1069 1549 1213 1615 terrestri
1245 1549 1318 1638 ipse
1347 1556 1385 1616 ed

241 1633 358 1700 itinere
385 1632 501 1720 pergit.
553 1631 738 1715 Quodam
768 1631 867 1699 Greci
895 1633 1111 1722 pervenirent,
1143 1634 1153 1670 '¹
1198 1631 1387 1724 eproiecto

243 1715 500 1785 Sarracenorum
531 1738 632 1783 naves
668 1738 748 1783 mox
783 1739 895 1784 omues
932 1728 1106 1785 exurunt³.
1187 1717 1228 1786 ed
1261 1727 1294 1806 et
1326 1740 1387 1786 rex

102 1863 121 1892 ‚
242 1803 457 1869 Fraxinetum
479 1801 656 1903 ingressus,
678 1802 877 1869 Sarracenos
893 1823 1005 1869 omnes
1022 1803 1057 1868 in
1071 1813 1216 1870 montem
1230 1802 1385 1870 Maurum
1459 1815 1464 1823 '

203 1973 205 1976 Ι
241 1887 355 1976 fugere
385 1885 558 1976 compul1t3
590 1887 626 1952 in
653 1907 718 1975 quo
747 1909 804 1953 eos
833 1886 1102 1954 circumsedendo
1124 1909 1242 1976 capere
1263 1899 1386 1978 posset,
1435 1907 1438 1910 “

242 1973 270 2038 si
291 1994 345 2039 res
366 1969 437 2051 hec,
461 1993 560 2060 quam
582 1980 792 2061 prompturus
815 1994 897 2057 sum,
918 1994 986 2040 non
1005 1973 1051 2037 im
1077 1970 1190 2041 odiret.

330 2057 382 2124 17.
415 2056 490 2124 Rex
519 2056 619 2146 Hugo
649 2055 899 2145 Berengarium‚
928 2079 970 2125 ne
999 2078 1038 2122 oo
1062 2058 1143 2124 eotis
1173 2080 1216 2125 ex
1244 2057 1386 2125 Rauda

241 2152 275 2210 et
296 2163 340 2208 ex
361 2140 484 2210 Suesia
497 2143 602 2231 copiis
616 2163 717 2231 super
735 2163 771 2209 se
784 2142 923 2209 irrueret
936 2163 1142 2231 regnumque
1157 2142 1220 2210 sibi
1233 2143 1387 2228 auferret,

241 2226 386 2293 maxime
406 2226 525 2294 timuit.
575 2226 673 2294 Unde
701 2249 767 2293 nou
796 2227 882 2293 bono
913 2247 992 2294 eece
1016 2237 1051 2294 to
1082 2225 1229 2313 coneilio,
1257 2226 1384 2296 Grecos
1430 2272 1433 2276 <

240 2309 286 2379 ad
330 2312 441 2402 ropria
461 2333 542 2378 mox
561 2313 700 2395 remisit3
723 2312 860 2400 ipseque
883 2333 956 2378 cum
1004 2313 1152 2380 araeenis
1174 2311 1236 2379 bac
1257 2313 1384 2381 ratione

240 2396 293 2462 foe
317 2419 357 2463 us
378 2397 462 2480 iniit,
484 2398 578 2464 utin
598 2396 764 2463 montibus
814 2397 849 2462 ui
872 2396 1028 2464 Sueviam
1057 2408 1157 2486 atque
1184 2395 1314 2467 Italiam
1337 2398 1385 2465 di-

240 2481 358 2548 vidunt
386 2492 525 2568 starent3
557 2490 595 2548 ut
622 2483 651 2548 si
682 2480 765 2549 forte
827 2482 1015 2570 ereugarius
1047 2483 1228 2549 exercitum
1261 2481 1384 2552 ducere

240 2565 350 2649 vellet,
372 2567 509 2634 manahe
537 2589 614 2634 eum
643 2566 838 2633 omnimodis
868 2564 1087 2655 prohiberent.
1135 2566 1187 2634 Εό
1209 2589 1288 2636 vero
1310 2588 1387 2635 con·

241 2651 355 2736 stituti,
379 2673 479 2740 quam
499 2650 621 2718 multos
641 2650 890 2743 christianorum
912 2651 956 2717 nd
974 2650 1181 2718 beatoruma
1206 2650 1386 2720 aetolorum

240 2736 331 2804 Petri
353 2747 386 2804 et
406 2735 502 2804 Pauli
521 2735 636 2802 limina
661 2737 898 2803 transeuntium
927 2736 1119 2823 sanguinem
1146 2674 1299 2823 fuderint,
1328 2735 1383 2806 ille

241 2819 330 2888 solus
351 2821 415 2888 scit
433 2844 617 2904 numerum,
641 2823 698 2924 qui
720 2844 832 2888 eorum
853 2821 987 2887 nomina
1008 2823 1131 2908 scripta
1149 2831 1238 2889 tenet
1250 2823 1285 2888 in
1298 2819 1385 2891 libro

240 2905 430 2973 viventium.
474 2905 583 2990 Quam
609 2907 720 2997 imque
749 2905 810 2973 tibi
837 2929 898 2973 rex
919 2905 1021 2993 Hugo
1048 2928 1186 2994 regnum
1208 2905 1385 2976 defendere

161 2992 165 3000 “
241 2992 387 3058 conaris!
424 2990 584 3075 Herodes,
616 3014 658 3059 ne
673 3001 814 3058 ‘terreno
841 3013 943 3079 regno
971 2992 1164 3079 privaretur,
1192 2992 1385 3061 innocentes

240 3075 360 3143 multos
390 3077 526 3162 occidit3
564 3087 609 3161 tu,
639 3087 677 3143 ut
698 3075 856 3157 obtineas,
883 3087 1039 3144 nocentes
1068 3087 1101 3143 et
1130 3086 1234 3144 morte
1265 3075 1383 3166 dignos

239 3160 393 3246 dimittis3
415 3172 515 3250 atque
536 3162 662 3229 utinam
684 3163 869 3229 curatione
891 3172 1045 3229 nocentes
1068 3160 1116 3226 illi
1130 3173 1208 3228 tunc
1222 3162 1358 3230 viver-en

126 3255 280 3312 'ratane
307 3247 517 3314 innocentes‘¹
544 3246 757 3336 postmodum
784 3246 1030 3314 interimerent.
1081 3247 1176 3330 Puto,
1205 3246 1265 3314 sed
1293 3175 1384 3338 quod

238 3331 350 3397 verius
372 3341 432 3416 est,
454 3331 562 3413 credo,
586 3342 618 3399 te
640 3354 707 3398 non
728 3330 855 3419 legisse,
883 3333 984 3398 immo
1013 3352 1074 3400 nec
1096 3330 1272 3417 audivisse,
1303 3355 1382 3424 qua·

238 3414 313 3484 liter
333 3417 418 3482 iram
439 3416 563 3482 domini
584 3417 762 3483 incurreret
781 3440 842 3484 rex
862 3415 987 3484 Israhel
1008 3415 1135 3502 Achab,
1165 3417 1244 3483 dum
1268 3441 1305 3487 re
1348 3442 1382 3486 m

240 3499 334 3585 Siris,
356 3502 465 3567 virum
485 3510 589 3568 morte
612 3501 758 3590 dignum,
785 3500 987 3570 foederatum
1015 3501 1192 3569 dimitteret
1212 3501 1303 3569 Bene
1326 3501 1383 3571 ab.

238 3584 335 3652 Unus
357 3587 444 3652 enim
465 3585 506 3653 de
528 3585 602 3652 filiis
625 3585 857 3687 prophetarum
881 3585 967 3653 dixit
987 3586 1030 3653 ad
1051 3585 1182 3654 Achab:
1204 3586 1287 3656 ‘Hac
1301 3587 1383 3656 dicit

76 3669 406 3746 reuerendominus:
434 3672 522 3754 Quia
543 3671 696 3738 dimisistr
716 3673 823 3737 virum
846 3671 981 3760 dignum
1004 3681 1108 3739 morte
1130 3670 1172 3740 de
1193 3694 1293 3738 manu
1313 3682 1384 3758 tna,

239 3758 302 3824 erit
323 3758 432 3822 anima
452 3766 508 3822 tua
528 3778 589 3844 pro
611 3758 721 3823 anima
742 3758 823 3841 eius,
853 3768 886 3823 et
906 3754 1048 3846 populus
1077 3768 1155 3824 tuus
1177 3778 1239 3846 pro
1259 3756 1383 3846 populo

239 3919 263 3973 a)
279 3921 390 3974 zetarius
407 3923 429 3963 ³.
491 3920 515 3973 b)
532 3934 574 3962 con
589 3922 657 3962 adae
674 3933 718 3963 arr
734 3923 819 3965 vamur
836 3924 855 3964 1.
913 3921 934 3973 e)
953 3922 1086 3964 centurione
1105 3924 1127 3962 t.
1188 3919 1212 3973 d)
1229 3926 1342 3964 nocentes
1360 3925 1382 3965 1.

241 4070 270 4139 1)
290 4072 333 4125 De
360 4075 495 4142 parvitate
520 4073 706 4127 naucularum
726 4075 902 4128 ltussiearurn
921 4075 980 4142 agit
999 4076 1081 4127 etiam
1102 4071 1296 4130 Constantinus
1314 4074 1383 4131 Por·

239 4148 436 4215 phyrogenitus
455 4147 504 4216 (de
524 4148 626 4201 admin.
646 4150 710 4217 imp.
731 4165 755 4202 c.
777 4148 792 4198 2
813 4167 840 4217 p.
862 4147 919 4215 69).
979 4148 1008 4214 2)
1029 4146 1183 4214 Septembri
1201 4165 1295 4204 mense
1315 4150 1384 4218 lgor

240 4220 327 4273 alteru
355 4221 433 4273 clade
454 4231 571 4293 accepta
590 4223 699 4277 domurn
726 4238 850 4276 reversus
870 4229 921 4276 est.
998 4220 1028 4288 3)
1047 4221 1198 4274 Flodoardi
1217 4224 1289 4278 Aua.
1307 4223 1383 4275 ⁹62:

238 4311 287 4346 rex
296 4295 378 4363 Euge
393 4296 558 4350 Sarracenos
567 4297 607 4349 'ds
617 4297 766 4351 Fraxinido
780 4312 873 4350 eorum
886 4297 1035 4349 munitione
1049 4294 1207 4364 disperdere
1221 4298 1386 4352 conabatur.
