2932 4718
206 253 441 307 LIUDPRANDI
460 251 725 308 ANTAPODOSIS.
763 253 838 308 Lm.
858 254 912 308 na
951 255 1072 310 80-82.
1176 259 1212 310 67

154 423 204 491 30-
238 424 403 490 Romanos
456 433 580 490 reterea
601 422 732 504 eodem,
761 446 827 513 quo
849 434 943 523 pater
964 424 1114 493 vasilleos
1137 447 1275 494 con-ara
1329 406 1332 412 ’

70 509 222 575 stitutus²
244 520 293 576 est
314 531 410 591 anno,
431 447 530 574 litam
555 529 648 574 suam
671 506 832 575 Helenam
854 511 1043 598 smperatori
1064 512 1211 600 parvulo,
1220 506 1279 560 ³¹³¹·
1287 509 1325 552 2⁷·

68 593 199 660 domino
227 615 304 676 suo,
336 591 550 660 Constantino
577 592 859 681 Porphyrogenito
891 596 1064 684 coniugem
1093 597 1236 664 dedis:

66 677 384 766 Porphyrogenitum
406 689 516 745 autem
537 700 604 744 non
624 678 659 743 in
680 699 842 766 purpura,
872 678 931 746 sed
951 680 986 746 in
1008 680 1105 749 domo
1129 703 1213 783 quae

67 763 239 850 Porphyra
260 775 296 830 ut
317 765 466 851 superius
490 763 678 851 scripsimus
700 773 813 829 natum
834 762 952 852 apello.
994 764 1039 832 Et
1058 789 1212 866 quomam

67 850 301 999 iiissiiliiisit
321 846 690 1001 lidelfflmlmlo?
708 848 808 999 lli?
824 848 1086 1001 porpnffis
1100 853 1213 1004 sepsi

66 1018 166 1118 priori
195 956 431 1119 libroprdlsdem
458 1018 568 1085 verbis
594 956 705 1106 tytuld)
706 945 803 1085 1th
816 957 892 1086 qpls
915 1018 1008 1086 VIII.
1031 957 1213 1089 lllInIIIlIIl

67 1113 223 1191 scriptum
244 1125 419 1192 repperies.

85 1251 87 1254 ,
151 1187 204 1254 31.
239 1187 471 1256 Constantinus
497 1189 676 1276 imperator
696 1198 871 1276 augustus,
901 1211 944 1256 ex
965 1191 1059 1257 cuius
1080 1191 1212 1260 nomine

68 1269 366 1361 Constantinopolis
388 1283 438 1341 est
458 1274 572 1340 sortita
590 1271 788 1340 vocabulum
810 1274 935 1358 civitas,
957 1275 1015 1342 τὸν
1030 1299 1119 1343 oinos
1139 1299 1211 1344 too·

66 1381 131 1441 τον,
154 1366 211 1424 ton
232 1359 307 1424 icon
329 1368 433 1442 tuton,
456 1357 590 1424 domum
611 1360 726 1440 istam,
756 1357 909 1425 edificare
930 1360 1033 1443 iussit,
1056 1361 1109 1426 cui
1131 1361 1210 1428 Por-

66 1442 172 1531 phyra
203 1464 323 1510 nomen
360 1444 533 1530 imposuit3
573 1440 742 1531 voluitque
775 1464 1001 1510 successuram
1034 1443 1211 1514 nobilitatis

67 1548 145 1593 suae
177 1525 323 1594 subolem
350 1527 445 1593 isthic
467 1529 502 1593 in
522 1527 629 1594 lucem
674 1525 795 1610 rodire,
826 1529 978 1616 quatinus
1030 1531 1065 1595 ui
1087 1550 1146 1596 suo
1169 1554 1211 1598 ex

66 1621 202 1679 stemate
216 1622 436 1696 nascerentur,
458 1611 624 1680 luculenta
644 1549 707 1679 dac
728 1611 922 1713 apellatione
936 1553 1211 1714 Porpqhyrogeniti

65 1696 260 1764 dicerentur.
304 1697 401 1764 Unde
423 1709 456 1765 et
476 1696 563 1764 bunc
582 1695 842 1781 Constannnum,
864 1697 984 1766 Leonis
1006 1700 1211 1788 imperatoris

64 1779 182 1866 filium,
216 1805 259 1849 ex
292 1784 363 1849 eius
390 1784 548 1871 sanguine
574 1781 721 1849 nonnulli
750 1783 865 1849 dicunt
891 1785 1052 1872 originem
1079 1785 1209 1852 ducere.

65 1870 126 1950 Της
148 1887 297 1951 panosus
320 1869 357 1934 δὲ
380 1873 479 1935 αυτοῦ
501 1870 548 1950 η*
563 1872 703 1950 cinisio
720 1869 798 1935 secl
816 1887 919 1954 εστην,
940 1869 982 1936 tis
996 1891 1152 1958 geneseos
1168 1869 1358 1937 de'srttouu·

64 1963 145 2101 putu
166 1949 274 2018 alitiae
296 1953 366 2020 auti
387 1954 480 2038 estin,
501 1952 536 2019 id
558 1962 608 2020 est
621 1954 838 2041 generationis
853 1965 964 2021 autem
977 1954 1074 2020 huius
1088 1956 1208 2023 veritas

87 2058 125 2103 ec
147 2048 206 2104 est.
909 2067 912 2072 ·

149 2123 202 2189 32.
235 2120 376 2188 Basilius
398 2124 577 2210 imperator
590 2133 759 2211 augustus,
782 2143 866 2189 avus
888 2122 994 2207 huius,
1014 2123 1210 2192 Macedonia

63 2204 178 2273 humili
204 2204 311 2274 fuerat
339 2208 494 2296 prosapia
521 2207 692 2291 oriundus,
723 2207 955 2309 descenditque
981 2208 1209 2277 Constantino·

62 2289 164 2380 polim
177 2293 389 2380 'paupertatis
409 2293 503 2379 iugo,
531 2302 569 2359 ut
590 2291 722 2359 cuidam
744 2294 880 2360 serviret
900 2295 1073 2381 sgdmeno,
1102 2293 1136 2360 id
1158 2304 1208 2362 est

63 2375 185 2445 abbati.
229 2374 335 2464 Igitur
363 2378 540 2478 imperator
568 2379 625 2466 qui
646 2387 726 2443 tunc
748 2378 905 2466 temporis
927 2388 1014 2462 erat,
1043 2377 1208 2446 Micbabel
1300 2418 1304 2423 ·

62 2462 209 2544 nomine,
239 2483 316 2527 cum
337 2463 493 2529 orationis
514 2463 620 2550 gratis
641 2462 685 2528 ad
706 2463 940 2530 monasterium
960 2461 1055 2547 illud,
1085 2465 1121 2530 in
1142 2485 1207 2552 quo

62 2547 115 2613 bic
136 2546 352 2630 ministrabat,
375 2546 595 2631 descenderet,
617 2547 700 2614 vidit
720 2546 808 2614 bunc
830 2557 939 2637 preter
959 2548 1065 2615 forma
1083 2557 1208 2616 ceteros

61 2632 1051 2805 stetit?⁰³i¹tltttiitss³t⁸tbs⁰tliintlt
1073 2632 1358 2787 liffeim*

63 2801 175 2869 offitio.
220 2765 345 2868 Tdntae
368 2801 508 2890 denique
531 2813 606 2890 post
626 2823 671 2890 pa
704 2800 795 2868 ulum
841 2804 986 2869 otestatis
1014 2813 1064 2871 est
1092 2802 1207 2888 factus,

62 2897 99 2953 ut
127 2885 210 2954 alter
235 2885 277 2953 ab
304 2883 456 2953 omnibus
483 2887 662 2975 imperator
690 2888 732 2953 sit
757 2909 820 2976 ape
863 2896 925 2954 tus.
977 2886 1101 2955 Verum
1131 2888 1210 2977 quia

62 2972 269 3059 omnipotens
299 2970 381 3039 deus
409 2993 520 3037 servos
550 2993 626 3038 suos
655 2972 741 3038 iusta
769 2972 881 3038 visitat
908 2971 980 3039 vult
1002 2993 1209 3061 quacumque

63 3067 236 3140 oensura‘,
263 3056 351 3122 hunc
379 3058 611 3145 imperatorem
638 3078 736 3124 sanae
763 3057 900 3124 mentisf
927 3057 971 3124 ad
991 3068 1058 3126 tem
1082 3078 1121 3123 us
1142 3078 1209 3124 non

61 3163 132 3210 esse
153 3141 356 3242 permiserat,
377 3154 415 3209 ut
429 3162 495 3230 quo
517 3140 605 3208 hunc
619 3143 754 3230 gravius
776 3152 939 3231 premeret
959 3143 994 3207 in
1014 3079 1145 3226 indmia
1168 3164 1207 3209 eo

60 3223 302 3293 misericordius
316 3234 539 3294 remuneraret
558 3227 594 3292 in
608 3227 753 3293 summis.
796 3226 893 3310 Nam,
908 3236 946 3294 ut
958 3225 1059 3294 fertur
1065 3238 1092 3311 ⁸,
1111 3224 1208 3294 huius

60 3321 208 3413 tempore
230 3312 392 3399 passionis
413 3309 587 3378 familiares
602 3312 719 3378 etiamh
735 3311 852 3400 capitis
861 3312 1001 3378 iusserat
1012 3309 1121 3378 subire
1136 3334 1208 3379 sen·

60 3406 205 3465 tendam.
250 3397 343 3480 Quos
364 3407 475 3464 tamen
495 3396 540 3462 ad
560 3419 632 3464 sese
653 3395 782 3464 rediens
803 3397 866 3463 hoc
888 3406 986 3485 pacto
1008 3395 1207 3487 requirebat,

60 3491 97 3549 ut
116 3482 182 3549 nisi
203 3502 287 3571 quos
309 3479 459 3570 iugulare
481 3483 621 3549 iusserat
640 3480 865 3564 redderentur,
886 3481 959 3570 pari
979 3482 1043 3570 ipsi
1065 3482 1123 3571 qui
1144 3480 1208 3548 hoc

17 3598 19 3600 ·
61 3565 236 3636 effecerant
263 3566 423 3634 sententia
451 3565 693 3641 damnarentur.
737 3565 814 3634 Hoc
840 3565 941 3655 igitur
968 3576 1091 3634 terrore
1115 3586 1207 3654 ¹quos

61 3649 216 3729 damnare
230 3651 378 3736 iusserat,
400 3651 625 3720 servabantur.
658 3651 726 3720 Sed
740 3672 816 3718 cum
830 3651 894 3718 hoc
908 3652 1018 3740 sepius
1039 3663 1073 3718 et
1089 3651 1207 3718 iterum

60 3735 184 3805 Basilio
206 3735 341 3821 faceret,
370 3735 558 3804 huiusmodi
581 3760 604 3804 a
628 3737 691 3806 sibi
712 3733 986 3827 obsequentibus,
1014 3757 1075 3826 pro
1104 3733 1206 3820 nefas,
1237 3769 1240 3771 Α

10 3826 15 3833 ’
61 3823 189 3910 accepit
216 3820 404 3890 consilium:
434 3821 494 3890 ‘Ne
522 3820 606 3890 forte
634 3823 763 3890 insanai
793 3823 881 3911 regis
906 3821 1008 3889 iussio
1029 3819 1206 3910 aliqnando

61 4012 84 4067 a)
99 4018 215 4058 consutus
232 4018 254 4057 1.
323 4014 348 4069 b)
365 4028 408 4058 soa
422 4017 509 4058 tter-nn
525 4021 545 4057 st
560 4016 647 4068 ratque
657 4022 709 4068 pon
724 4015 806 4069 pissas
821 4017 917 4059 aarum
932 4024 1001 4056 mu
1016 4012 1102 4055 uisas
1117 4017 1168 4056 auat
1185 4015 1207 4056 1.

61 4072 161 4128 cultata
176 4087 219 4118 om.
236 4078 258 4117 1.
297 4075 322 4129 d)
338 4077 448 4119 cubuerit
466 4078 489 4118 1.
535 4074 559 4129 e)
571 4086 667 4118 sessura
683 4079 704 4119 1.
750 4074 870 4128 ouantes
887 4079 907 4117 1.
954 4072 979 4126 a)
990 4075 1023 4115 aa
1037 4083 1108 4125 capra
1123 4073 1136 4115 1
1151 4083 1171 4114 a.
1183 4072 1205 4116 9.

60 4133 120 4178 rtem
135 4134 238 4178 intertui·
254 4138 275 4179 1.
336 4135 362 4191 b)
378 4137 427 4180 atla
443 4139 465 4177 1.
526 4134 545 4188 t)
562 4136 657 4178 insania
673 4139 695 4179 1.

62 4286 91 4357 1)
110 4286 155 4342 Cf.
174 4286 276 4355 Georg.
296 4287 425 4344 Monacb.
447 4288 482 4341 de
503 4287 644 4342 Constant.
663 4287 764 4356 Porph.
785 4301 810 4340 c.
831 4287 876 4338 27.

932 4387 967 4439 5·
