2932 4718
264 265 499 319 LIUDPRANDI
518 266 787 324 ANTAPODOSIS.
824 271 896 324 LlB.
918 271 951 324 V.
991 271 1112 324 ia-aa
1209 275 1261 327 11³

116 436 237 501 stitutis
271 437 418 502 attritum
451 435 617 504 haberent.
672 437 792 505 Parta·
828 441 895 507 iam
931 441 1081 530 frigidior
1117 439 1260 510 (laticisb
1273 422 1349 544 3⁴⁵5
1376 501 1428 547 m

114 542 201 610 aqua
224 519 358 587 decocta
383 523 546 609 pruinis13
580 522 692 590 dulces
721 524 840 592 adsunt
867 525 973 611 fabae,
1000 525 1152 593 lachana*
1182 549 1261 616 por·
1285 503 1328 550 η’
1350 512 1377 544 ⁰¹

114 607 208 694 rique
230 618 387 672 recentes.
432 607 506 673 Non
528 607 583 675 hic
604 610 749 676 marinae
764 608 896 678 delitiae
909 609 1052 696 morbos,
1074 611 1132 679 sed
1148 614 1264 682 crebra

114 692 223 778 potius
259 691 380 757 ieiunia
417 701 536 760 aream
594 692 739 762 Turbam
776 716 856 762 vero
893 696 978 763 hanc
1013 708 1152 782 uniam,
1194 708 1262 765 tam

115 788 351 863 sumptuosam,
380 777 553 844 modicitas
576 791 688 846 nostra
717 801 783 846 non
804 782 937 870 recipit3
969 793 1116 849 vestrum
1144 782 1262 850 solum·

113 859 212 926 modo
234 863 408 948 imperium
431 864 577 951 suscipit,
601 861 699 952 quod,
722 887 764 931 ue
786 877 957 954 paternam
974 866 1138 934 desereret
1152 891 1262 937 senec·

113 955 226 1030 tutem,
242 946 382 1013 advenit'
392 959 416 1025 ¹,
444 947 610 1015 Romanos
625 950 706 1016 haec
721 963 754 1018 et
767 949 996 1018 huiuscemodi
1014 955 1262 1040 perstringente,

115 1029 301 1119 Stephanus
323 1044 356 1099 et
377 1031 609 1100 Constantinus
630 1034 689 1101 filii
711 1034 906 1123 pudibundo
929 1047 1120 1104 contuentes
1138 1036 1261 1106 lumine

112 1127 243 1200 terram,
267 1139 365 1205 quam
386 1119 489 1185 invite
510 1121 745 1187 monasterium
768 1134 924 1209 peterent,
955 1144 1022 1188 non
1053 1132 1103 1190 est
1124 1145 1261 1212 percon·
1370 1165 1377 1173 -

113 1203 175 1267 tari
197 1223 329 1269 necesse
352 1203 410 1269 sed
425 1204 566 1272 credere.
611 1205 779 1294 Expanais
794 1208 905 1296 itaque
921 1206 1093 1294 posthaec
1108 1210 1260 1278 manibus

113 1285 302 1437 pdaltan‘sc
317 1287 483 1439 Rpfplsplnos
499 1289 700 1379 crepidinem
714 1290 815 1376 fusus,
826 1291 1013 1359 huiusmodi
1025 1315 1101 1360 cum
1116 1292 1260 1361 lacrimis

138 1393 176 1437 eo
222 1394 353 1439 recese
425 1375 464 1439 'tt

134 1459 186 1530 24.
198 1395 348 1525 thriste
360 1458 535 1543 deus,cum
548 1481 613 1548 quo
625 1471 718 1549 pater
729 1472 823 1528 estet
834 1462 1091 1549 spiritusunum,
1124 1463 1259 1530 Versus.

209 1543 284 1609 Iure
299 1544 399 1630 patris
414 1544 562 1628 verbum,
578 1567 637 1646 per
652 1545 739 1634 quod
755 1559 849 1634 pater
864 1548 974 1613 omnia
988 1547 1109 1614 mundo

209 1628 353 1694 Innotuit
376 1641 501 1696 secreta
522 1629 589 1717 poh
604 1653 670 1697 seu
691 1631 821 1697 mistica
841 1631 1000 1719 pandens,

208 1713 348 1802 Respice
370 1713 558 1781 ficmentum
581 1717 715 1804 propria
735 1714 880 1783 bonitate
903 1729 1059 1784 creatum.

168 1819 184 1869 o
208 1798 258 1865 Ne
280 1799 414 1887 patiare,
435 1821 563 1888 precor,
585 1800 732 1867 demonis
755 1824 807 1869 me
829 1801 967 1869 fraude‘l
989 1803 1106 1891 perire,

210 1887 376 1972 Sanguine
399 1907 497 1973 quem
519 1906 612 1952 sacro
633 1885 765 1953 voluisti
787 1887 924 1954 reddere
945 1888 1029 1954 vitel

208 1968 272 2053 Da,
295 1969 387 2054 deus,
408 1981 445 2036 ut
465 1971 579 2036 mundi
601 1969 746 2038 tumidos
768 1971 895 2038 calcare
917 1983 1051 2039 conanae

207 2053 278 2120 Iam
300 2053 438 2139 valeam,
459 2057 617 2145 sistatque
637 2056 946 2146 proculcorruptor
966 2058 1109 2207 iniquus,

209 2138 272 2206 Oui
294 2138 387 2205 labor
407 2149 457 2205 est
477 2143 603 2207 animas
625 2163 755 2230 semper
775 2141 887 2209 fedare
909 2143 1022 2209 beatas

146 2242 182 2294 10
206 2225 359 2312 Imperii⁸
383 2246 459 2291 cum
482 2248 537 2292 sce
560 2238 610 2294 tra
631 2225 706 2311 tuli3
728 2249 818 2293 nunc
838 2226 925 2293 haud
945 2226 1062 2315 placet,
1085 2226 1170 2294 esto!

208 2308 324 2376 Gratia
345 2308 498 2398 dignatus
519 2249 580 2377 tilii
602 2312 645 2377 sit
666 2312 762 2414 quqd·
775 2311 915 2400 pelleres
935 2314 1074 2400 iniquos,

207 2395 342 2483 Imperii
364 2407 496 2462 teneant
517 2394 635 2463 solium
655 2420 698 2464 ne
718 2408 837 2464 rmuste
856 2399 1049 2550 patemnm’.

198 2480 249 2546 25.
283 2479 345 2546 His
366 2482 412 2546 ita
433 2482 543 2569 gestis,
567 2481 719 2549 Stefanns
740 2493 839 2582 atque
885 2483 1090 2549 onstantinus
1105 2480 1255 2548 custodia

111 2565 181 2652 iugi
204 2565 431 2651 observantur,
453 2577 547 2654 patre
570 2588 654 2654 quae
676 2569 706 2634 ei
728 2565 917 2634 acciderant
946 2568 1162 2655 equanimiter
1182 2588 1255 2654 per·

111 2650 263 2717 ferente³.
307 2651 411 2717 Aiunt
432 2653 519 2718 enim
542 2650 639 2737 hunc,
668 2663 701 2719 et
721 2650 782 2718 sub
808 2651 1023 2720 mtesmfione
1051 2651 1255 2736 confirmant,

112 2734 190 2801 dum
213 2759 233 2801 a
247 2734 402 2802 fratribus
417 2736 512 2804 lentis
528 2736 570 2804 ob
584 2739 812 2825 purgationem
827 2735 1023 2826 culparetur,
1038 2735 1256 2825 respondisse,

113 2820 201 2909 quod
222 2819 418 2888 incidentiae
440 2834 601 2910 regnaret,
624 2824 680 2910 qui
702 2843 870 2889 servorum
886 2822 939 2890 dei
953 2819 1187 2889 humilitatibus
1202 2820 1257 2888 de·

112 2907 258 2991 serviret,
304 2929 380 2972 uam
403 2909 460 2996 qni
481 2907 669 2996 potentibus
691 2906 805 2973 mundi
824 2908 1055 3008 peccatoribus
1070 2909 1255 2993 imperaret
1267 2955 1325 3010 (12,

197 2993 248 3058 26.
317 2992 496 3058 esideratus
516 2994 641 3060 interea
655 2993 871 3080 Berengarrus
894 3014 936 3058 ex
952 2992 1136 3059 Suevorum
1157 2992 1255 3079 parti·
1267 3017 1320 3062 asa.

112 3074 183 3159 bus,
217 3078 333 3163 paucis
367 3099 478 3144 secum
512 3078 752 3161 comitantibus,
786 3101 805 3143 a
834 3075 955 3145 Saevit
984 3099 1045 3165 per
1073 3077 1255 3144 Venustam

110 3160 250 3227 vallem*
272 3161 401 3228 Italiam
422 3165 512 3250 petit,
535 3161 695 3252 applicuit
718 3185 759 3229 ue
784 3172 897 3228 castra
925 3183 1018 3230 secus
1039 3161 1254 3228 munitionem

110 3245 272 3313 vocabulo
294 3248 527 3330 Formicariai,
552 3269 679 3337 quaea
735 3268 884 3332 annasse,
907 3248 1024 3313 utiam
1038 3245 1254 3333 prediximus,
1337 3328 1340 3334 ἢ

110 3330 311 3398 Arelatensis
342 3332 429 3399 sedis
456 3332 713 3422 archiepiscopo,
746 3344 890 3421 tuncque
912 3330 1131 3413 itidentinae,
1153 3331 1256 3405 Vero·

109 3418 220 3483 nensis
247 3428 346 3507 atque
375 3417 572 3485 Mantuanae
601 3419 762 3500 invasore,
784 3415 941 3484 Adelardi
970 3417 1022 3483 sui
1047 3414 1158 3483 clerici
1186 3425 1257 3483 erat

110 3501 242 3589 vigiliae
264 3502 502 3570 commendata.
555 3501 705 3590 Cumque
735 3502 955 3590 Berengarius
984 3498 1105 3568 nullius
1133 3499 1253 3567 machi·

109 3588 279 3655 namentia
310 3597 471 3676 apparatu
499 3586 685 3678 nulliusque
711 3585 788 3655 belli
814 3588 939 3676 impetu
967 3585 1053 3652 hanc
1079 3608 1115 3653 se
1137 3606 1255 3674 capere

109 3751 134 3806 s)
147 3753 234 3797 Psrsts
250 3755 291 3797 iis.
339 3751 363 3804 b)
381 3753 465 3795 occisis
481 3754 522 3796 is,
539 3753 644 3795 occiduis
660 3749 713 3794 δι’.
761 3749 783 3804 c)
800 3752 884 3795 alteris
900 3753 922 3794 1.
969 3749 994 3803 d)
1011 3751 1077 3794 trade
1094 3753 1117 3792 1.
1155 3749 1257 3805 s)libnit

110 3814 161 3856 cdd.
180 3817 192 3856 l
210 3815 269 3867 qnod
284 3826 326 3856 om,
344 3813 428 3864 Pss'per.
490 3811 555 3864 Otia
570 3812 671 3864 saarim
686 3811 777 3853 enies:
794 3813 872 3863 urstis
886 3812 930 3854 tini
946 3812 985 3865 sit,
1001 3811 1065 3862 quoi
1081 3811 1191 3862 dignatus
1208 3808 1253 3865 [ss]

109 3873 199 3925 pallere
215 3875 323 3926 iniqucs;
339 3874 405 3915 codes
422 3875 441 3914 i.
457 3873 507 3924 lesit
523 3873 623 3924 poliere.
686 3869 711 3925 ι)
727 3871 926 3914 machinamentis
944 3873 966 3912 1.

112 4002 141 4072 1)
160 4006 284 4061 Iuvenal.
304 4008 362 4062 Sat.
383 4009 418 4073 V,
438 4008 483 4061 50.
545 4003 590 4074 ⁸2)
610 4004 717 4061 Similis
741 4004 777 4057 da
800 4004 855 4059 hcc
879 4019 1004 4058 sermons
1027 4019 1046 4056 s
1070 4003 1195 4057 Romano
1218 3999 1255 4054 sd

109 4078 180 4133 filios
193 4081 287 4135 habito
301 4090 329 4135 et
343 4083 477 4150 Georgius
490 4081 641 4134 Monachus
655 4085 684 4133 st
695 4079 834 4133 Iohannes
846 4078 969 4132 Venatus
981 4079 1110 4132 scierunt.
1150 4077 1179 4142 8)
1193 4076 1254 4130 Ste-

108 4153 215 4222 phanus
235 4171 261 4209 a.
281 4158 335 4207 947
355 4158 384 4209 in
404 4156 581 4210 samothrace
593 4154 685 4208 insula
702 4170 721 4207 s
734 4152 894 4208 custodibus
913 4159 1036 4219 necstus,
1055 4153 1195 4206 Rcmmos
1208 4149 1255 4204 die

111 4228 155 4280 15.
175 4228 240 4282 Iulii
266 4248 351 4285 mens.
372 4248 396 4286 a.
418 4231 472 4282 948
498 4236 619 4284 mortuns
646 4235 696 4284 est
771 4229 801 4294 4)
822 4228 965 4295 Vinstgsu
1003 4231 1005 4234 ’
1043 4227 1072 4293 6)
1092 4227 1152 4280 Isin
1173 4225 1253 4294 Siag-

109 4304 277 4358 mnndskron
296 4323 382 4376 prope
401 4307 569 4360 Bauzanum.
