2932 4718
225 262 244 312 4
405 259 639 313 LlUDPRANDI
657 209 924 313 maronosls.
962 257 1037 312 LIB.
1057 257 1081 312 1.
1122 259 1204 312 1-3.

117 420 120 426 ’
225 451 341 496 verum
367 426 482 495 auditu
509 428 581 515 ipso
611 443 678 494 non
704 449 823 529 parum
850 447 989 510 nocuus,
1017 428 1115 495 tomis
1137 429 1368 497 memorandus

225 511 422 598 inscribitur,
445 511 526 663 qppd
545 513 682 578 istorum
702 520 935 663 rmfflorum
957 509 1051 595 bella,
1080 511 1178 598 Iullii,
1205 514 1367 604 Pompeii,

225 597 431 681 Hannibalis,
503 597 627 686 hisque
645 598 717 664 eius
842 594 936 679 belis,
958 616 997 661 ac
1013 595 1175 684 Scipionis
1189 597 1368 685 Ahicani·,

197 740 200 748 .
224 684 392 771 insignum
418 683 464 747 im
488 690 661 764 oratorum,
686 679 839 748 laudibus
869 679 1062 770 coequanda
1088 680 1261 750 silebitur?
1290 707 1369 752 cum

175 770 198 839 κ’
224 769 398 858 presertim
418 768 470 832 in·
498 767 505 782 ⁸
546 767 589 832 sit
613 766 738 833 domini
766 766 869 832 nostri
889 764 967 832 Iesu
982 764 1120 850 Christi,
1148 767 1229 834 dum
1255 780 1368 837 macte
1445 846 1446 851 ἵ

225 853 377 936 vixerint,
399 850 528 918 bonitas
548 849 726 935 recitanda,
746 859 818 917 tum
839 850 869 917 si
912 849 971 916 uid
991 848 1194 940 deliquerint,
1224 851 1367 921 salubris
1412 878 1418 888 ·
1447 861 1450 867 '

177 951 183 1006 ἐ
225 936 268 1004 ab
290 936 407 1004 eodem
429 937 585 1004 correctio
606 934 841 1004 memoranda?
907 957 947 1001 ec
967 947 1098 1004 moveat
1117 938 1316 1026 quempiam,
1338 939 1368 1006 si
1430 1010 1432 1014 ,

173 1031 176 1064 *²
225 1044 421 1089 enervorum
456 1021 542 1088 facta
576 1044 612 1089 re
658 1043 693 1086 m
730 1021 959 1108 principumve
995 1020 1254 1089 effeminatorum
1289 1022 1368 1090 huic

157 1140 160 1150 ·
224 1104 368 1174 libellulo
397 1107 575 1173 inseruero.
656 1127 700 1170 na
732 1116 782 1171 est
807 1106 895 1170 enim
921 1105 1008 1172 iusta
1038 1104 1091 1173 dei
1124 1109 1366 1195 omnipotentis,

132 1159 158 1251 l
225 1194 328 1280 patris
355 1189 480 1281 scilicet
507 1188 567 1256 filii
588 1199 621 1257 et
642 1189 777 1278 spiritus
799 1190 913 1272 sancti,
939 1190 1061 1273 uhtaus,
1092 1211 1177 1279 quae
1198 1191 1259 1258 hos
1280 1194 1367 1260 iuste

226 1277 295 1358 suis
324 1273 588 1366 pro‘sceleribus
619 1272 819 1363 comprimit,
846 1273 918 1339 illos
945 1273 1054 1365 dignis
1083 1297 1143 1376 pro
1165 1277 1290 1343 meritis
1311 1299 1368 1344 ex·

126 1363 144 1444 3⁵5
225 1359 318 1428 tollit.
362 1359 455 1426 Haec
487 1361 622 1447 inquam
655 1370 705 1426 est
735 1381 814 1425 vera
841 1357 965 1424 domini
997 1370 1101 1427 nostn
1132 1360 1211 1427 Iesu
1244 1359 1367 1429 Christi

130 1445 207 1498 Μ
227 1447 346 1512 sancho
368 1445 555 1533 promissio:
578 1442 740 1511 ‘Observa
760 1453 794 1510 et
806 1443 884 1510 audi
898 1464 1015 1510 vocem
1030 1466 1148 1529 meam,
1167 1455 1200 1510 et
1213 1445 1367 1513 inimicus

123 1515 162 1569 '⁸'
178 1515 281 1597 ²²'ero
303 1531 443 1595 inimicis
465 1530 541 1613 bris,
564 1536 598 1594 et
618 1527 788 1616 adigentes
810 1539 842 1594 te
863 1527 1005 1616 affigam,
1029 1540 1061 1596 et
1081 1530 1236 1618 precedet
1256 1541 1290 1597 te
1311 1553 1367 1597 an-

225 1614 318 1704 gelus
340 1617 451 1680 meus'.
495 1613 560 1680 Per
582 1611 788 1680 Salomonem
810 1635 941 1701 quoque
969 1615 1140 1714 sapientia,
1166 1636 1250 1703 quae
1274 1614 1368 1683 Ohri·
1409 1693 1411 1698 ¹

73 1721 128 1775 sep.
141 1721 163 1774 s,
180 1722 217 1766 rr.
226 1710 296 1767 stus
323 1709 389 1782 est,
417 1697 551 1765 clamat:
585 1695 761 1784 ‘Pugnabit
790 1719 850 1786 pro
878 1720 916 1764 eo
947 1697 1035 1764 orbis
1068 1710 1227 1766 terrarum
1254 1709 1368 1786 contra

137 1823 159 1848 o
225 1786 426 1851 insensatos’.
471 1781 571 1866 Quod
591 1783 724 1850 cottidie
745 1782 850 1859 fierit
879 1783 978 1849 etiam
1000 1784 1057 1872 qui
1079 1785 1194 1868 stertit,
1221 1784 1367 1851 animad-

159 1871 334 1946 <1·.)vertit.
370 1868 417 1934 Ut
438 1880 548 1935 autem
570 1867 702 1934 evidens
725 1890 767 1934 ex
787 1869 966 1934 innumeris
988 1865 1367 1958 sub'da‘a‘tufexemplum,

225 1977 279 2020 me
307 1961 434 2020 tacente
459 1951 630 2040 loquetur⁰
657 1952 792 2040 opidum
816 1952 978 2020 vocabulo
999 1954 1248 2036 Fraxinetum1,
1278 1953 1368 2043 quod

225 2040 261 2105 in
274 2037 463 2106 Italicorum
476 2035 789 2125 Provintialiumque
811 2037 952 2104 confinio
975 2048 1060 2105 stare
1081 2039 1290 2104 manifestum
1308 2046 1367 2106 est.

310 2125 341 2189 2.
375 2121 479 2188 Cuius
499 2132 537 2189 ut
558 2122 684 2188 cunctis
704 2119 826 2222 liquido
849 2133 960 2211 pateat
974 2124 1066 2206 situs,
1090 2123 1367 2212 quemadmodum

225 2217 326 2276 temet
346 2206 447 2273 latere
467 2207 602 2273 minime
622 2227 707 2288 reor,
734 2229 834 2273 immo
855 2205 971 2273 melius
993 2208 1088 2289 scire,
1117 2211 1203 2275 sicut
1222 2208 1264 2274 ab
1285 2209 1366 2296 ipsis

227 2295 284 2382 qui
305 2293 408 2359 vestri
438 2300 514 2357 sunt
534 2291 698 2358 tributarii
718 2291 816 2378 regis,
842 2291 1122 2359 Abderahamem⁸
1145 2291 1278 2375 scilicet,
1308 2315 1366 2383 po·

225 2378 317 2445 testis
339 2377 498 2459 conicere,
520 2376 604 2441 mari
624 2397 690 2441 uno
712 2373 877 2443 exlatere
899 2378 1056 2464 cingitur,
1084 2379 1221 2443 caeteris
1243 2378 1367 2444 densis·

226 2464 310 2528 sima
336 2465 504 2550 spinarum
530 2459 612 2533 silva
637 2461 792 2526 munitur.
835 2462 943 2545 Quam
965 2464 993 2527 si
1013 2463 1179 2549 ingressus
1202 2464 1368 2551 quispiam

226 2547 333 2630 therit,
362 2548 414 2614 ita
430 2546 572 2612 sentium
593 2546 752 2612 curvitate
777 2548 938 2630 tenetur‘l,
965 2547 1153 2612 acutissima
1173 2547 1368 2614 rectitudine

227 2631 420 2721 perforatur,
442 2640 479 2696 ut
500 2651 606 2717 neque
626 2630 863 2718 progressionis
885 2654 990 2719 neque
1012 2631 1145 2714 reditus,
1165 2633 1230 2712 nisi
1246 2654 1367 2721 magno

228 2737 304 2783 oum
325 2715 446 2795 labore,
468 2713 589 2780 habeat
608 2714 804 2780 fmultatem.

163 2821 216 2864 sss.
314 2803 345 2867 3.
378 2798 445 2867 Sed
467 2797 585 2882 oculto,
607 2809 640 2865 et
661 2800 815 2895 quoniam
837 2821 931 2867 secus
953 2822 1024 2867 esse
1050 2823 1118 2866 non
1147 2810 1256 2889 potest
1281 2802 1368 2868 iusto

183 2892 204 2924 ⁰·
230 2884 284 2950 dei
304 2884 429 2965 iuditio,
450 2883 522 2949 XX
542 2883 846 2950 tantumSaraceni
867 2883 962 2951 lintre
984 2883 1122 2973 parvula
1142 2907 1186 2951 ex
1206 2885 1369 2974 Hispania

229 2970 363 3058 egressi,
383 2967 530 3036 nolentes
551 2970 635 3034 istuc
662 2980 759 3034 vento
785 2968 884 3035 delati
912 2978 997 3036 sunt.
1045 2969 1111 3052 Qui
1135 2971 1240 3057 pirate
1268 2981 1369 3038 noctu

229 3056 362 3141 egressi,
383 3051 559 3141 villamque
575 3052 659 3119 clam
673 3054 822 3139 ingressi,
845 3052 1054 3138 christicolas,
1078 3076 1138 3142 pro
1154 3052 1255 3138 dolor,
1274 3056 1368 3143 iugu-

228 3138 306 3222 lant,
328 3136 500 3226 locumque
522 3137 584 3204 sibi
606 3140 776 3226 proprium
790 3138 973 3222 vendicant,
993 3150 1202 3239 montemque
1216 3139 1369 3205 Maurum

144 3257 148 3264 ·
228 3221 359 3289 villulae
389 3223 596 3290 coherentem
625 3235 737 3290 sonna
764 3225 888 3289 vicinas
914 3236 1028 3312 gentes
1049 3223 1213 3311 refugium
1234 3233 1367 3312 parant,

229 3307 377 3394 spineam
405 3307 523 3373 silvam
550 3306 612 3373 hoc
640 3321 736 3409 pacto
767 3309 924 3374 maiorem
951 3318 984 3374 et
1009 3309 1195 3395 spissiorem
1224 3331 1284 3374 sua
1307 3330 1367 3398 pro

229 3391 364 3457 tuitione
385 3392 543 3474 fatientes,
565 3405 601 3472 ut
623 3417 650 3458 sr
673 3394 747 3493 quis
769 3414 812 3458 ex
834 3414 873 3458 ea
893 3391 945 3459 vel
965 3414 1093 3458 ramum
1107 3393 1276 3476 incideret,
1298 3416 1368 3459 mu·

231 3476 336 3542 uronis
363 3478 573 3564 percussione
599 3477 764 3543 hommem
794 3478 910 3543 exiret:
943 3479 1057 3565 sicque
1084 3478 1208 3545 factum
1236 3487 1302 3561 est,
1332 3485 1368 3543 ut

231 3561 336 3626 omnis
370 3571 479 3660 preter
508 3564 604 3627 unius
637 3563 887 3650 angustissimae
919 3563 992 3628 viae
1026 3561 1135 3628 aditus
1173 3560 1366 3630 demeretur.

230 3643 312 3711 Loci
339 3647 439 3731 igrtur
465 3650 638 3734 asperitate
668 3646 796 3729 confisi,
825 3648 950 3712 vicinas
978 3658 1092 3734 gentes
1121 3646 1205 3713 olam
1232 3649 1368 3712 circum·

231 3872 520 3925 annotaremus.
573 3875 766 3929 bnamma
821 3875 843 3928 c)
860 3876 1002 3928 loquuta.
1058 3875 1082 3928 d)
1100 3880 1116 3916 t.
1133 3883 1195 3920 sta.
1212 3874 1366 3918 assae.

231 3931 249 3985 ⁸)
265 3935 298 3974 tta
313 3935 392 3985 capitu
403 3935 521 3976 &aiom
535 3937 673 3976 amariorum
687 3937 791 3978 tudima.

232 4110 261 4178 1)
281 4111 520 4176 Sarda-Prainet,
539 4110 613 4164 haud
631 4114 727 4180 procul
746 4131 763 4166 a
782 4116 888 4168 Freius.
928 4113 970 4166 Cf.
991 4113 1090 4166 Chron.
1110 4114 1302 4170 Noralicicme
1319 4117 1367 4181 IV,

231 4201 256 4239 c.
276 4186 322 4239 22.
342 4185 387 4238 23.
408 4187 457 4239 26:
478 4188 525 4255 qai
544 4187 572 4237 in
592 4193 682 4239 monte
701 4188 777 4241 silvis
797 4190 969 4257 permaximis
989 4187 1157 4240 circumdato
1170 4189 1366 4244 inextricabili·

231 4260 281 4312 bus
300 4261 483 4314 subterraneis
504 4259 636 4312 cuniculis
655 4261 852 4315 inhabitabant.
928 4261 1031 4327 a)111,
1053 4262 1211 4316 att-961.
