2932 4718
57 432 184 477 sas-ota.

195 247 230 299 12
352 246 586 301 LIUDPRANDI
604 244 871 311 ANTAPODOSIS.
909 244 982 298 LIB.
1002 244 1025 297 1.
1066 243 1184 295 1a-1a.

193 437 261 482 non
283 415 447 500 deterruit,
476 413 535 482 s'ed
555 414 691 482 hilarem
719 411 871 482 reddidit.
915 387 945 478 ὃ
968 413 1092 480 utinam
1112 414 1337 502 interpretatio

194 498 259 566 ulia
293 501 430 589 imperio
466 509 523 566 tuo
559 520 627 566 non
661 497 799 587 placeat
853 496 940 564 Nam
973 507 1006 565 et
1037 519 1089 564 me
1126 521 1247 580 μαπην
1283 521 1338 565 και

195 591 397 674 coapostolos,
411 585 543 652 mantin
564 583 608 651 ke
631 582 832 671 oniropolon,
865 581 901 648 id
929 592 980 649 est
1000 580 1148 649 divinum
1170 592 1203 650 et
1218 582 1338 650 somnii

92 746 100 753 ,
194 667 408 753 venditorem,
425 674 501 737 'esse
520 666 645 770 liquido
667 667 776 757 patet.
818 667 881 733 His
906 665 1036 750 auditis,
1065 689 1186 756 magno
1207 677 1257 735 est
1277 668 1339 735 im·

195 763 327 843 perator
357 752 518 821 caehinno
543 752 693 838 rndatus3
731 773 847 820 verum
861 751 1083 854 pnrdentiam
1111 750 1208 818 huius
1238 762 1338 842 atque

132 838 136 846 '
196 836 452 907 sollicitudinem
477 837 553 927 plus
580 837 777 923 admiratus,
796 848 957 926 ‘protinus
988 835 1076 903 infit:
1113 835 1272 904 ‘Antehac
1301 857 1338 906 os

101 1402 104 1408 .
196 1346 320 1431 datum,
343 1368 402 1415 seu
421 1347 611 1432 rerumsit,
633 1356 671 1413 ut
691 1367 871 1436 speramus,
892 1347 994 1412 immo
1009 1345 1184 1430 credimus,
1207 1368 1266 1412 scu
1280 1343 1339 1412 fal·
1454 1354 1458 1360 ’

49 2153 57 2172 ·
132 2096 186 2200 ddd

196 945 269 992 osas
292 945 412 1006 portus
434 945 507 991 outa
529 929 731 1013 ouqortolor,
754 932 813 989 se·
833 931 889 989 ute
910 921 1035 990 mantin
1056 932 1112 989 ute
1134 920 1339 1011 oniropolon,

194 1017 228 1077 te
256 1029 365 1098 neque
394 1008 542 1075 divinum
569 1031 675 1110 neque
707 1007 826 1074 somnii
856 1006 1059 1073 venditorem
1077 1029 1181 1090 esse,
1213 1006 1339 1075 audivi.

196 1092 293 1160 Hanc
314 1114 392 1159 vero
414 1114 485 1160 rem
513 1114 602 1159 nuno
623 1100 671 1159 ita
691 1103 803 1193 aperte
833 1091 917 1157 dixti
962 1100 1000 1157 ut
1027 1090 1109 1156 nihil
1137 1092 1338 1159 circuitionis

195 1200 276 1244 usus
309 1185 431 1245 essea'
464 1177 532 1245 Sed
563 1177 642 1266 quia
662 1174 822 1264 vigilandi
842 1139 1032 1243 facultatem
1052 1176 1123 1243 sire
1145 1176 1339 1264 auspicandi

196 1262 365 1330 sciemiam
386 1261 508 1329 habere
529 1283 595 1328 non
616 1283 741 1351 posses,
768 1262 832 1328 nisi
859 1260 971 1327 divino
999 1260 1061 1328 tibi
1089 1270 1175 1328 esset
1202 1283 1339 1329 munere

196 1453 279 1514 sum,
309 1437 421 1508 καθως
450 1455 469 1498 o
499 1439 689 1515 Aooxtnsoc,
725 1431 838 1498 cathos
864 1453 884 1497 o
913 1429 1075 1516 lukianos,
1112 1430 1148 1497 id
1175 1441 1225 1498 est
1254 1432 1341 1499 sicut

195 1515 362 1583 Lucianus
384 1514 426 1584 de
471 1516 593 1583 uodam
621 1515 732 1596 dicit1,
780 1515 848 1583 uod
876 1515 1041 1583 dormiens
1062 1514 1165 1582 multa
1185 1538 1340 1615 reppere-

195 1602 239 1668 rit
259 1611 358 1689 atque
379 1622 401 1666 a
421 1539 507 1690 gdlo
529 1603 670 1668 exitatus
715 1603 757 1618 ‘⁰
791 1603 961 1686 invenerit,
981 1611 1027 1680 tu
1047 1610 1159 1669 tamen
1180 1600 1340 1690 quiequid

195 1685 329 1768 videris,
352 1685 511 1774 quicquid
525 1687 674 1770 senseris,
696 1685 853 1775 quicquid
867 1687 965 1752 etiam
979 1686 1152 1771 inveneris,
1167 1695 1260 1752 tuum
1276 1687 1340 1752 sit'.

195 1769 260 1837 His
282 1769 412 1854 auditis,
435 1782 556 1860 quanta
578 1771 697 1838 caeteri
719 1771 784 1837 sint
799 1771 988 1837 confusione
1002 1769 1127 1859 repleti,
1150 1782 1341 1860 quantoque

195 1854 250 1921 hic
273 1856 315 1922 sit
334 1855 456 1942 gaudio
482 1854 608 1944 plenus,
637 1877 750 1921 eorum
780 1857 919 1945 quisque
941 1856 1032 1921 inse
1060 1876 1216 1944 personas
1239 1856 1341 1922 susci·

195 1941 300 2028 piens,
322 1940 731 2028 animadvertere-poterit.
947 2007 951 2018 ,

283 2025 333 2090 13.
365 2023 523 2091 Amulius
544 2027 678 2108 interea,
701 2046 813 2091 earum
857 2046 920 2090 uae
943 2024 1003 2090 sub
1021 2034 1156 2090 arcturo
1172 2034 1248 2090 suut
1261 2046 1340 2112 gen-

197 2108 277 2174 tium
292 2131 353 2174 rex
366 2109 571 2192 fortissimus,
587 2131 663 2175 cum
674 2047 912 2176 centebaldum
922 2107 1175 2174 Maravanorum
1186 2108 1306 2175 ducem
1314 2120 1339 2193 ²,

198 2214 296 2284 quem
311 2215 410 2282 supra
424 2195 687 2276 memoravimus,
703 2193 766 2260 sibi
780 2193 915 2260 viriliter
925 2204 1163 2281 repugnantem
1175 2192 1339 2262 debellare

190 2278 356 2366 nequiret,
371 2277 515 2366 depulsis
529 2278 589 2364 his,
604 2301 665 2367 pro
677 2277 778 2362 dolor,
793 2278 1017 2344 munitissimis
1027 2277 1339 2366 interpositionibus,

196 2382 279 2450 quaa
312 2361 412 2450 vulgo
451 2362 557 2430 clusas
592 2364 754 2430 nominum
788 2362 1031 2450 prediximus³,
1068 2362 1339 2450 Hungariommb

237 2456 328 2514 utem
351 2447 515 2548 cupidam,
544 2447 714 2532 audacem,
747 2448 976 2535 omnipotentis
998 2446 1053 2512 dei
1074 2449 1239 2534 ignaram,
1270 2469 1339 2514 soe·

207 2553 299 2598 erum
322 2553 467 2598 ommam
489 2554 555 2599 non
576 2533 723 2616 insciam,
746 2531 856 2597 caedis
878 2542 912 2597 et
931 2532 1118 2619 rapinarum
1135 2530 1339 2598 solummodo

139 2693 144 2704 .
196 2615 337 2699 aridam,
360 2619 395 2682 in
416 2615 575 2684 auxilium
598 2627 771 2700 convocat3
793 2618 821 2681 si
835 2627 944 2682 tamen
959 2617 1118 2682 auxilium
1134 2615 1201 2683 dici
1218 2626 1336 2705 potest,

197 2699 287 2790 quod
307 2701 406 2802 paulo
427 2713 513 2790 post,
536 2724 574 2769 eo
597 2703 763 2784 moriente,
786 2721 861 2766 cum
882 2702 972 2789 genti
994 2722 1083 2784 suae,
1109 2710 1179 2766 tum
1201 2701 1339 2768 ereans

196 2786 232 2850 in
253 2784 388 2852 meridie
404 2807 585 2889 occasuque
600 2784 795 2875 degentibus
809 2785 995 2852 nationibus
1027 2807 1128 2937 irate
1145 2784 1338 2873 periculum,

196 2870 297 2970 imao
329 2871 467 2936 exitium
499 2871 570 2937 aa.
625 2871 714 2954 Quia
750 2869 877 2957 igitur?
932 2833 1034 2936 oen'te
1057 2869 1151 2936 nnus
1185 2869 1338 2970 meisa,

198 2954 401 3040 subiugatur,
424 2954 460 3020 fit
481 2955 686 3038 tributarium
710 2955 769 3021 sed
790 2976 857 3020 non
872 2953 969 3020 solus.
1007 2953 1162 3021 Ocecam
1178 2952 1339 3042 regnandr

197 3036 325 3104 Amulli
357 3040 443 3127 regis
476 3039 704 3106 auiditatem!
741 3061 760 3104 o
793 3038 954 3105 infelicem
987 3061 1200 3128 amarumque
1234 3038 1336 3105 dieml

131 3124 135 3134 ”
197 3122 304 3190 Unius
333 3122 493 3191 homuntii
518 3063 659 3190 deiectio
681 3122 719 3189 fit
739 3125 838 3190 totius
860 3123 1013 3210 Europae
1040 3125 1204 3190 contricio.
1249 3123 1339 3206 Quot

197 3206 385 3275 mulieribus
408 3207 609 3293 viduitatem,
629 3207 778 3295 patribus
800 3207 981 3291 orbitatem,
1003 3207 1188 3296 ¹uirginibus
1206 3230 1301 3274 corru

96 3315 97 3319 ¹
197 3293 328 3375 tionem,
350 3293 573 3361 sacerdotibus
594 3291 790 3444 popidispus
812 3292 863 3358 dei
885 3313 924 3357 ca
947 3294 1116 3377 tivitatem,
1139 3293 1264 3360 eclesiis
1307 3314 1339 3360 e-

198 3375 399 3460 solationem,
422 3379 524 3444 terris
537 3377 729 3445 inhabitanti
752 3399 792 3442 us
822 3375 920 3446 solitu
945 3377 1064 3462 ‘nem⁰,
1094 3400 1174 3446 ceca
1202 3377 1339 3445 ambitio

70 3463 72 3466 ’
198 3462 312 3548 paras!
363 3461 527 3550 Legistin’,
561 3461 708 3545 obsecro,
739 3463 843 3551 ipsius
875 3462 1021 3529 veritatis
1052 3462 1155 3530 verba
1184 3461 1338 3528 fficenfis:

105 3575 188 3618 Matri.

105 3637 140 3689 16,
152 3636 188 3680 26.

88 3739 126 3793 'p
135 3742 187 3784 28⁰.

199 3545 299 3628 ‘Quid
320 3546 455 3634 prodest
469 3545 602 3632 homini,
625 3548 653 3612 si
667 3557 771 3614 totum
786 3545 946 3612 muudum
961 3545 1114 3634 lucretur,
1136 3548 1244 3612 anime
1259 3566 1339 3613 vero

199 3652 278 3731 suae
300 3630 553 3732 detrimenturn‘l
574 3632 732 3720 patiatu‘r3
762 3642 819 3698 aut
841 3653 939 3734 quam
962 3631 1054 3734 dabit
1073 3632 1170 3733 bomo
1194 3652 1339 3729 commu·

198 3726 354 3783 tationem
375 3738 435 3804 pro
450 3738 559 3786 amma
572 3716 666 3784 sua'?
701 3716 824 3801 *Quod
839 3739 868 3783 ss
882 3727 914 3783 te
929 3739 998 3783 ven
1009 3716 1130 3789 rudrcrs
1144 3737 1209 3782 non
1224 3723 1340 3782 terruit

102 3976 104 3979 .
200 3926 223 3978 a)
240 3927 297 3968 dam
314 3930 336 3969 1.
395 3926 619 3979 munusculorum
637 3929 656 3967 1.
720 3926 741 3980 o)
757 3927 942 3969 sollmdudtnarn
960 3930 981 3969 1.
1043 3926 1067 3979 d)
1085 3906 1257 3969 detrimendurn
1275 3931 1296 3969 1.

203 4105 231 4173 1)
251 4107 367 4160 Lucian.
389 4104 492 4170 Gallus,
513 4121 537 4157 c.
560 4107 585 4156 1.
649 4103 679 4173 2)
696 4106 749 4170 Qui
768 4106 837 4158 alias
858 4105 1042 4174 Suatoplucus
1063 4104 1169 4169 dicitur,
1190 4105 1339 4158 Rastislavi

200 4196 285 4250 napos
302 4187 330 4232 et
349 4196 497 4243 successor,
518 4179 572 4231 8⁷0
583 4207 600 4216 -
611 4177 676 4230 894.
737 4178 768 4247 3)
789 4179 831 4232 cf.
845 4195 869 4232 c.
883 4181 909 4244 5,
927 4180 998 4232 dnn.
1014 4180 1138 4248 sangall.
1158 4181 1252 4234 maior.
1267 4179 1338 4245 aaa,

200 4253 361 4306 widukind.
398 4255 453 4306 Res
472 4261 541 4321 gest.
562 4253 661 4306 Saxon.
683 4254 706 4317 Ι,
727 4269 750 4306 c.
770 4255 819 4317 193
838 4252 936 4305 Annal.
956 4252 1037 4306 Fuld.
1057 4253 1121 4308 892.
