2932 4718
243 158 475 213 LIUDPBANDI
494 157 763 212 ANTAPODOSIS.
801 159 875 211 LIB.
895 160 951 212 111.
989 160 1111 211 lb-l'l.
1220 160 1255 211 'lb

110 327 263 394 traditam
284 327 438 407 fronesin,
462 327 496 393 id
518 339 568 394 est
589 328 791 416 sapientiam,
814 326 1066 416 Burgundiones
1089 350 1144 395 eos
1160 329 1255 418 quasi
1267 355 1318 399 ess.

110 435 175 565 pour
235 414 323 480 'ones
360 412 476 501 apello,
512 412 566 479 vel
603 410 692 501 quod
724 409 766 478 ob
801 414 988 501 superbiam
1022 423 1089 480 toto
1122 424 1254 501 gutture

144 508 295 586 quantur,
318 497 380 581 vel,
403 497 490 587 quod
512 497 623 563 verius
645 506 704 578 est,
732 497 911 582 edacitaffl,
943 520 1026 587 quae
1050 522 1114 599 per
1141 497 1254 649 fidam

112 594 293 667 exercetur,
306 584 412 650 nimis
434 581 642 670 udulgeant’.
685 582 756 648 Neo
785 604 887 666 mora,
909 584 960 649 bis
981 584 1110 667 audrtis,
1176 605 1255 686 ugo·

110 666 1255 841 ttmtttrtttlltlttb:ttultdtstltlttbll

111 859 187 938 suos
214 861 276 905 rex
302 837 403 926 Hugo
431 803 582 921 baberet,
615 838 827 904 munitionem
862 837 1030 904 confestim
1064 838 1254 927 obpugnare

110 945 184 991 moe
208 935 287 990 tant

183 945 249 1076 lilii.
292 1007 413 1098 Liquet
441 1008 570 1076 divinae
602 1007 854 1108 dispensationis
882 1009 944 1074 hoo
973 1007 1144 1075 eonsilium
1172 1029 1253 1093 esse,

110 1103 146 1159 ut
190 1092 257 1160 uod
279 1115 340 1161 rex
360 1092 460 1181 Hugo
483 1105 551 1159 tam
572 1102 710 1182 turprter
731 1105 864 1181 ceperat
889 1091 1020 1178 scelere,
1047 1115 1122 1159 eum
1151 1094 1253 1160 omni·

111 1116 218 1245 modis
240 1179 388 1268 optinere
408 1201 476 1245 non
496 1199 603 1266 posse.
637 1178 742 1244 Tanto
763 1179 884 1266 quippe
904 1187 954 1245 est
971 1188 1095 1246 terrore
1110 1190 1253 1264 ooaetus,

111 1276 148 1331 ut
168 1286 229 1353 per
247 1265 361 1330 restim
383 1287 418 1331 se
439 1265 547 1353 ipsum
569 1285 609 1331 ea
630 1286 673 1330 ex
693 1273 786 1413 parte
814 1285 880 1353 qua
902 1263 1040 1332 civitatis
1062 1285 1156 1330 muro
1183 1286 1253 1330 mn-

111 1349 190 1415 nitio
210 1347 381 1417 inherebat
402 1348 580 1437 deponens,
603 1370 675 1414 eam
722 1359 871 1432 ssereret,
893 1359 993 1437 atque
1014 1348 1059 1414 ad
1079 1371 1155 1417 suos
1178 1370 1253 1415 oon·

110 1433 246 1522 fugeret
297 1433 328 1500 Ε
377 1432 465 1500 uleus
494 1435 597 1520 igitur
624 1455 685 1499 rex
714 1433 749 1498 H
796 1455 816 1500 o
846 1454 920 1498 eum
950 1434 1076 1522 prefata
1096 1433 1252 1518 Marozis,

85 1517 277 1586 somme
314 1519 405 1586 uris
440 1515 615 1585 Alberious
651 1538 785 1583 monaro
807 1519 874 1583 iam
910 1519 1022 1602 tenuit,
1058 1517 1157 1585 fratre
1193 1541 1252 1585 suo

109 1601 255 1753 {iohanne
287 1604 407 1669 summi
435 1613 535 1691 atque
570 1601 763 1670 universalis
794 1601 996 1690 praesulatus
1028 1601 1098 1670 sedi
1131 1605 1253 1692 praesi-

133 1698 237 1756 entes

194 1773 248 1839 47.
292 1772 396 1839 Aiunt
431 1772 574 1862 quidam,
615 1772 758 1855 Betim,
799 1771 858 1839 Hu
882 1774 953 1839 onis
986 1774 1072 1861 regis
1105 1784 1244 1842 matrem
1265 1790 1326 1847 (rs.)

109 1855 288 1925 Adelberto
318 1859 500 1925 marchioni
527 1858 598 1924 viro
629 1879 688 1924 suo
711 1856 836 1924 nullum
895 1859 960 1924 'um
982 1859 1159 1947 peperisse,
1196 1823 1254 1927 sed

110 1943 152 2010 ab
174 1941 248 2009 aliis
269 1942 458 2011 mulieribus
482 1942 566 2009 olam
587 1952 750 2031 aeoeptos,
772 1941 922 2011 simulato
944 1952 1051 2032 partu,
1074 1942 1253 2012 Widonem

110 2039 144 2096 et
163 2027 377 2095 Lambertum
399 2028 461 2095 sibi
483 2029 703 2117 supposuisse,
725 2029 879 2116 quatinus
900 2038 975 2116 post
996 2038 1134 2096 mortem
1156 2029 1254 2098 Adel·-

110 2110 203 2198 berti,
231 2112 351 2180 Bertae
379 2111 437 2178 filii
465 2135 533 2179 non
567 2112 725 2196 deessent,
759 2134 898 2202 quorum
927 2112 1089 2180 adiutorio
1123 2131 1254 2182 omnem

110 2199 219 2265 mariti
251 2199 303 2264 sui
336 2200 522 2300 potenciam
556 2197 746 2287 possideret
800 2197 876 2265 Hoe
908 2208 1019 2266 autem
1051 2200 1271 2267 mendatium

110 2282 190 2348 mihi
219 2281 294 2350 ideo
321 2282 452 2351 vrdetur
480 2305 553 2350 esse
581 2283 759 2367 inventum,
787 2284 939 2372 quatinus
969 2283 1129 2351 inoestunr
1157 2305 1254 2351 suum

108 2365 170 2433 hac
213 2369 385 2435 oooasione
426 2391 488 2435 rex
516 2368 549 2434 H
597 2390 616 2433 o
645 2378 778 2454 tegeret,
815 2367 970 2434 infamiae
1001 2368 1102 2465 ὕβριν,
1139 2369 1175 2436 id
1205 2380 1255 2437 est

108 2451 339 2541 tupitudinem,
362 2453 526 2521 evaderet·
551 2391 621 2520 ulia
648 2463 758 2520 tamen
785 2475 870 2541 quae
896 2474 984 2519 nuno
1005 2453 1169 2520 narranda
1194 2465 1253 2539 est,

110 2557 169 2603 eur
188 2538 252 2604 hoo
274 2536 399 2605 dietum
420 2541 471 2621 sit,
493 2539 563 2605 veri
585 2536 722 2605 similior
735 2537 816 2604 mibi
830 2538 961 2606 videtur
974 2541 1120 2605 assertio.
1156 2539 1253 2605 Lam-

108 2622 230 2706 bertus,
254 2625 311 2712 qui
332 2635 408 2712 post
428 2622 580 2690 Widonis
600 2622 709 2689 fratris
732 2625 783 2690 sui
800 2635 938 2692 mortem
953 2623 1092 2691 'hassiae
1108 2644 1254 2691 maroam

108 2706 249 2792 tenebat,
277 2710 328 2774 vir
354 2719 425 2776 erat
451 2705 626 2774 bellicosus
655 2719 688 2775 et
716 2707 759 2774 ad
788 2707 958 2797 quodlibet
983 2709 1109 2775 facinus
1131 2709 1252 2775 audax.

110 2790 218 2873 Quem
240 2792 281 2860 ob
303 2816 443 2881 regnum
466 2791 617 2859 Italicum
638 2816 699 2859 rex
713 2792 813 2882 Hugo
836 2804 1024 2882 suspectum
1043 2795 1140 2860 nimis
1155 2793 1254 2861 babe-

108 2874 175 2943 bat.
219 2877 373 2944 Timebat
394 2879 491 2959 enim,
513 2899 555 2943 ne
576 2876 745 2945 italienses
767 2901 801 2945 se
828 2877 1021 2962 desererent,
1044 2891 1077 2946 et
1096 2876 1253 2945 Lamber-

108 2969 178 3062 tum
200 2985 236 3028 re
261 2985 313 3028 em
335 2965 588 3063 eonstituerent·
616 2962 715 3063 'Boeo
742 2963 894 3052 denique,
924 2986 966 3064 err
996 2963 1110 3031 eodem
1138 2973 1253 3052 patre¹

107 3067 199 3233 {tte
220 3045 719 3233 ,tittttattl‘tl
729 3047 1253 3201 bltlzrbttttttmbt‘i

109 3214 180 3284 srlio
203 3216 305 3304 igitur
325 3218 442 3283 huius⁶
463 3240 523 3285 rex
544 3216 644 3304 Hugo
659 3216 836 3284 Lamberto
857 3217 1053 3284 cominando
1071 3216 1251 3301 denuntiat,
1353 3260 1355 3264 -

107 3323 149 3368 ne
171 3323 207 3368 se
227 3301 361 3369 fratrem
383 3324 479 3367 suum
501 3300 643 3402 amplius
664 3300 773 3368 dicere
794 3301 921 3368 audeat
965 3303 1000 3369 Is
1017 3324 1106 3387 vero,
1128 3312 1165 3369 ut
1182 3313 1252 3370 erat

108 3385 209 3454 animi
229 3386 348 3454 ferocis
370 3397 470 3475 atque
494 3385 612 3453 induci
636 3384 738 3469 bnati,
764 3408 831 3454 non
859 3387 1035 3472 moderate,
1066 3397 1104 3455 ut
1129 3386 1250 3471 debuit,

108 3471 165 3538 sed
199 3471 353 3539 effrenate
385 3474 431 3538 ita
468 3474 608 3559 *respon
634 3472 673 3537 ‘te
717 3470 777 3538 ‘Ne
798 3471 937 3538 inficiari
958 3494 1019 3538 rex
1051 3473 1164 3562 possit,
1197 3489 1365 3546 mensu.

107 3555 240 3624 trabem
262 3579 358 3622 suum
381 3579 462 3641 esse,
482 3578 543 3623 nos
564 3579 631 3623 uno
653 3579 697 3623 ex
718 3577 855 3645 corpore
876 3555 1081 3647 eundemque
1103 3579 1163 3646 per
1182 3555 1251 3622 adi·
1349 3575 1352 3578 ’

108 3651 178 3712 tum
211 3643 246 3707 in
275 3639 383 3708 lucem
410 3640 579 3729 prodiisse,
613 3639 720 3709 duello
744 3641 862 3729 cupiod
892 3644 1018 3709 eunetis
1041 3640 1249 3710 sernentibus

107 3803 130 3857 a)
146 3791 233 3848 edsattt
250 3808 271 3849 1.
333 3805 358 3859 b)
374 3807 481 3849 alberton
497 3809 521 3848 1.
555 3804 605 3874 qa)
621 3806 674 3848 blus
691 3809 715 3850 1.
776 3805 801 3857 d)
818 3806 888 3858 sopio
906 3808 929 3849 1.

110 3953 140 4024 1)
160 3956 203 4011 (ll.
222 3957 294 4027 Lag.
316 3975 341 4011 o.
361 3957 406 4024 62,
434 3957 586 4012 Flodosrdi
609 3959 683 4013 Hist.
706 3959 785 4013 Rem.
805 3957 874 4012 ecel.
894 3957 935 4010 Ν
955 3973 979 4011 c.
1000 3958 1051 4012 24:
1080 3957 1252 4028 praedictam

108 4037 223 4085 matrem
248 4035 368 4099 ipsorum
396 4032 449 4101 (se.
474 4034 591 4087 Mariam
617 4048 688 4102 quae
715 4040 743 4088 et
765 4029 896 4100 Mesatis)
921 4034 951 4084 in
976 4032 1100 4086 custodis
1129 4034 1251 4088 clausam

109 4105 222 4158 tenebat
241 4105 420 4177 (biberibus),
443 4108 590 4176 Rusonem
617 4123 726 4176 quoque
752 4123 846 4175 regern
871 4107 959 4160 Roma
979 4106 1134 4177 depulsum
1161 4108 1251 4162 Bene·
1366 4141 1371 4147 ·

110 4176 177 4233 dieti
198 4181 291 4234 ebron.
313 4198 337 4235 r.
357 4183 403 4236 82.
480 4178 510 4249 2)
529 4175 702 4236 'Ibeotbaldo
722 4183 830 4246 comite,
851 4180 887 4234 et.
907 4197 990 4250 supra
1007 4181 1023 4234 1
1043 4197 1068 4236 e.
1087 4181 1133 4234 89.
