2932 4718
222 247 259 302 48
332 202 333 206 Ἰ
370 246 602 302 LIUDPRANDI
621 244 886 303 ANTAPODOSIS.
926 248 999 303 LIB.
1019 249 1058 302 11.
1098 248 1219 301 66-60.

221 417 405 508 Eporegiee
436 417 576 485 civitatis
606 416 801 502 marchioni,
830 416 923 484 Gisia
949 419 1142 508 Berengarii
1169 420 1257 506 regis
1286 415 1363 500 filia,
1402 447 1405 452 ·

101 535 102 538 ¹
221 503 412 593 Berengarii
432 502 556 570 scilicet
575 504 662 590 regis
683 503 780 569 husius
802 513 916 588 matre,
947 515 1084 590 mortue,
1106 503 1260 594 hymenei
1289 524 1365 569 con·

222 590 320 658 sertio
344 587 521 678 copularat
565 586 659 672 Quae
674 589 705 655 ei
720 585 824 654 filium
838 601 997 678 genuerat
1010 592 1141 658 nornine
1155 588 1365 673 Anseerium,

223 676 282 764 qrsi
303 685 445 763 quantae
472 673 601 740 virtutis
630 672 836 763 quantaeque
864 675 1016 744 audatiae
1047 676 1154 762 uerit,
1176 674 1261 744 liber
1288 673 1365 742 sub·

223 782 362 850 sequens
383 756 594 826 declarabit1.
794 838 796 843 η

206 845 228 902 ·‘
308 844 361 912 57.
393 843 456 911 His
487 845 690 946 temporibus
722 844 826 913 isdem
859 844 1071 932 Adelbertus,
1107 868 1208 937 gener
1244 846 1365 933 regius,

222 928 406 1020 Eporegiae
434 930 575 997 civitam
596 928 757 1014 marchio,
784 939 882 1019 atque
906 929 1077 1000 Odelricus
1103 931 1216 1021 palatii
1243 940 1364 1016 comes,

246 1017 283 1082 ui
308 1037 352 1085 ex
379 1013 564 1104 Sacrorum
591 1015 750 1103 sanguine
780 1015 919 1083 dexesa
947 1018 1144 1104 originem2,
1177 1037 1305 1083 necnon
1334 1026 1367 1085 et

257 1099 442 1171 islebertus.
448 1098 605 1201 predives
632 1110 761 1169 comes³
787 1112 820 1168 et
847 1110 1013 1186 strenuus,
1042 1101 1237 1191 Lampertus
1267 1102 1366 1169 mam

224 1185 474 1254 Mediolanensrs
496 1183 761 1274 archiepiscopus
768 1197 791 1269 ⁴,
812 1185 1025 1275 nonnullique
1044 1186 1100 1254 alii
1121 1187 1286 1276 principes
1302 1186 1366 1254 Ita·

224 1271 297 1356 liae,
318 1271 424 1339 Beren
468 1271 517 1336 rio
540 1268 676 1338 rebelles
698 1271 882 1339 extiterant.
927 1269 1037 1339 Causa
1049 1282 1159 1339 autem
1180 1270 1365 1340 rebellionis

157 1423 161 1430 ,
225 1355 413 1424 horumhec
460 1358 492 1422 ‘t
521 1356 612 1422 Dum
628 1355 822 1444 lampertus
840 1357 994 1426 defimoto
1013 1357 1183 1426 decessore
1200 1367 1282 1424 sue³
1298 1356 1366 1424 Me·

226 1441 423 1512 dicianensis
434 1439 698 1530 archiepiscopus
710 1441 852 1509 ordinari
865 1442 1040 1530 debuisset,
1051 1465 1117 1509 non
1128 1464 1264 1531 parvam
1275 1441 1318 1510 ab
1326 1464 1365 1511 eo

225 1550 286 1595 rex
299 1527 518 1627 Berengarius
540 1538 654 1593 contra
667 1539 855 1595 sanctorum
877 1529 1025 1596 instituta
1039 1539 1169 1617 patrum
1191 1528 1366 1617 pecuniam

226 1612 389 1702 exigebat,
410 1613 505 1679 iussit
528 1612 683 1680 asscribi
704 1615 739 1678 in
753 1612 872 1680 tabulis
888 1625 963 1715 post
977 1614 1086 1681 datam
1101 1613 1164 1700 sibi
1182 1612 1366 1702 pecuniam,

150 1726 152 1729 ¹
227 1709 385 1789 quantum
407 1697 502 1764 cubic
557 1698 613 1781 rii,
635 1707 794 1787 quantum
815 1697 977 1782 hostiarii,
1006 1710 1165 1789 quantum
1187 1698 1366 1786 pavonarii,

226 1784 290 1873 ipsi
311 1785 409 1851 etiam
430 1781 566 1849 altilium
590 1782 755 1866 custodes,
785 1784 935 1871 accipere
961 1783 1126 1853 deberent.
1171 1783 1368 1872 Lampertus

227 1870 327 1956 igitur
347 1865 619 1956 archipresulatus
641 1889 752 1935 amore
774 1868 1168 1953 vehementeranimatus,
1191 1890 1367 1958 quaecum·

228 1976 292 2044 que
321 1975 381 2020 rex
409 1964 618 2041 poposcerat,
672 1964 770 2020 uauto
799 1975 875 2019 cum
905 1953 1016 2022 dolore
1038 1955 1210 2038 tribueret,
1239 1977 1282 2021 ex
1304 1952 1366 2021 hoc

117 2131 126 2149 ι
228 2037 406 2191 intelljggre
422 2039 559 2191 pptelris,
583 1976 679 2188 quolll
692 2036 895 2140 subsequens
917 2038 1014 2107 lectio
1036 2039 1223 2192 declffi⁰
1302 2126 1310 2141 ἱ

212 2221 299 2278 em
320 2133 1366 2312 conglutit?tttttidattttttpmtat

252 2293 392 2364 resulem
415 2295 633 2378 constitueret,
656 2291 847 2360 Odelrioum
869 2296 909 2379 ei,
936 2296 1040 2364 donec
1062 2296 1143 2384 quid
1165 2294 1206 2362 de
1228 2317 1266 2362 eo
1289 2293 1368 2362 deli·

229 2319 357 2449 beraret
385 2391 510 2468 ageret,
540 2379 789 2446 commendavit.
843 2380 878 2446 Is
910 2392 1019 2449 autem
1046 2381 1206 2469 pecuniae
1235 2378 1367 2463 multae,

230 2488 328 2556 quam
372 2486 409 2532 ro
424 2466 615 2615 epispppatu
629 2475 789 2552 erogarat,
811 2487 878 2531 non
896 2468 1065 2550 inmemor,
1087 2465 1150 2532 hoc
1173 2488 1248 2533 curn
1270 2474 1367 2554 'capto

122 2630 125 2634 ⁵
229 2552 317 2640 cepit
360 2551 501 2618 eeius'
550 2548 682 2617 delitate
703 2547 874 2618 discutere.

314 2636 366 2704 59.
399 2635 519 2702 Paucis
534 2635 674 2724 denique
696 2635 895 2724 interpositis
910 2635 1042 2721 solibus,
1064 2660 1124 2703 rex
1139 2634 1367 2724 Berengarius,

228 2721 351 2789 nuntiis
373 2719 514 2803 directis,
537 2719 728 2788 Odelrioum
742 2721 786 2787 ad
807 2743 842 2788 se
863 2721 974 2788 venire
997 2721 1152 2811 precepit
1197 2720 1289 2805 Quos
1311 2717 1368 2807 hy·

228 2808 341 2874 roniea
362 2804 424 2872 hac
445 2806 653 2893 responsione
677 2807 865 2873 convenisse
886 2828 953 2872 non
974 2805 1111 2874 dubium
1134 2817 1197 2873 est:
1240 2805 1366 2873 ‘Sacer-

151 2957 165 2980 ,
230 2891 314 2958 dotis
337 2891 444 2957 officio
466 2893 596 2978 penitus
618 2913 728 2958 carere
750 2889 864 2973 debeo,
894 2893 921 2958 ei
943 2890 1158 2980 iugulandum
1181 2890 1368 3042 quempiam

229 2978 265 3042 in
278 2999 393 3043 manus
408 2974 545 3042 alicuius
561 2974 743 3045 tradidero'.
786 2975 1016 3044 intellexerant
1036 2976 1266 3066 itaquenuntii
1304 2996 1367 3041 unc

254 3061 361 3150 uplice
387 3059 570 3144 rebellasse,
599 3084 698 3151 quem
723 3085 744 3127 e
765 3084 842 3150 rege
869 3062 933 3129 sibi
962 3062 1116 3131 traditum
1144 3062 1202 3130 abs
1227 3084 1268 3127 ue
1299 3061 1368 3128 eius

230 3085 361 3215 iicentia
381 3158 539 3213 noverant
554 3146 745 3213 dimisisset
783 3148 850 3230 Qui
865 3149 1005 3235 regressi
1026 3149 1174 3236 protinus
1246 3167 1367 3234 regam,

231 3233 463 3301 Terentianum
490 3231 592 3299 illud⁶
621 3255 680 3321 pro
709 3233 919 3320 responsione
948 3233 1120 3301 dederunt:
1162 3231 1260 3298 ‘Huic
1284 3253 1370 3298 com·

232 3318 376 3400 mendes,
399 3319 426 3383 si
449 3317 528 3406 quid
549 3327 635 3384 recte
658 3326 807 3384 euramm
827 3316 926 3385 velis’.

166 3430 223 3487 (re.)
318 3405 370 3472 60.
403 3402 477 3484 Quo
508 3411 652 3490 tempore
674 3401 834 3469 Rodulfus
862 3407 922 3468 rex'
950 3401 1191 3492 superbissimis
1219 3402 1369 3489 Burgun-

96 3487 384 3556 ⁹11-⁹³²·dn·0nibus
411 3486 602 3575 imperabat.
647 3485 712 3554 Oui
739 3489 774 3552 in
804 3499 1017 3574 augmentum
1040 3489 1208 3640 potentiae
1234 3486 1296 3554 hoc
1319 3506 1370 3552 ac·

234 3574 348 3657 cessit,
385 3584 421 3638 ut
453 3573 668 3660 potentissimi
701 3571 883 3639 Suevorum
917 3573 1008 3640 ducis
1070 3571 1224 3640 ruchardi
1259 3570 1369 3654 liliam,

233 3660 363 3726 nomine
387 3659 533 3741 Bertam,
562 3659 625 3726 sibi
647 3658 800 3746 coniugio
823 3655 1021 3746 copularet&
1064 3659 1170 3748 Igitur
1190 3655 1369 3741 Italienses,

233 3806 256 3860 a)
273 3807 369 3848 dimisse
386 3808 406 3849 1.

236 3921 265 3990 1)
286 3922 328 3976 Oi.
347 3922 387 3975 1v
409 3935 432 3973 a.
453 3922 478 3985 7,
506 3921 575 3974 Vc.
595 3921 621 3974 4.
708 3921 736 3989 2)
762 3921 803 3974 cf.
831 3923 914 3976 Gesta
937 3922 1098 3990 Berengarii
1122 3923 1187 3990 imp.
1214 3920 1243 3972 11
1269 3937 1295 3972 v.
1318 3920 1370 3972 100

236 4004 263 4050 et
291 4013 361 4066 quse
386 3998 415 4048 in
440 3997 560 4050 editione
593 4011 654 4047 mea
684 3998 813 4064 praemisi
837 4015 863 4064 p.
889 3997 924 4047 at
950 4013 978 4048 n.
1003 3998 1029 4050 4.
1114 3994 1144 4062 3)
1171 3996 1370 4062 Bergomensis.

236 4070 266 4140 4)
286 4070 485 4125 Mediolanensi
504 4070 640 4124 ecclesiae
660 4071 776 4138 praefuit
794 4073 866 4124 intra
884 4087 969 4124 annos
988 4070 1146 4122 921-931.
1211 4068 1240 4136 5)
1254 4069 1370 4122 Warim·

235 4145 653 4211 berto,mortnoa.921,V11.
674 4145 736 4196 Kal.
757 4145 833 4214 Sept.
898 4142 927 4211 6)
940 4144 1059 4213 Adelphi
1073 4144 1125 4208 111,
1140 4144 1226 4217 3,,19.
1286 4141 1313 4211 7)
1329 4142 1371 4197 Oi.

237 4221 281 4273 111
301 4237 325 4273 c.
347 4220 389 4285 1³,
410 4221 450 4272 IV
471 4236 496 4274 e.
517 4220 559 4273 12.
597 4221 631 4272 A.
652 4219 705 4269 922
731 4219 864 4273 Rodnlius
891 4220 1019 4273 bertham
1046 4221 1188 4286 coniugem
1212 4218 1288 4271 duxit
1306 4217 1370 4272 Flo·

237 4295 342 4350 donrdo
362 4301 441 4348 teste.
