2932 4718
210 255 263 306 116
359 249 592 304 amararum
611 239 878 302 ANTAPODOSIS.
916 244 990 299 ms.
1009 244 1044 298 V.
1082 242 1205 297 aa-et.

144 443 196 486 aas.
207 378 384 491 multorum
405 418 576 486 oculorum
604 417 766 499 excussio,
795 413 968 480 simultatis
999 413 1172 502 sepissima
1190 413 1357 503 repetitio,

208 530 284 576 cum
306 507 417 596 signis,
439 516 509 572 tum
536 501 714 656 gemitibus
735 510 877 566 narrata
920 496 1145 594 Hadelardum
1167 507 1279 566 autem
1292 497 1356 566 Re

208 595 303 684 gensi
323 590 461 682 prefecit
481 609 539 655 aec
551 587 670 655 esiae².

141 723 200 781 (ia)
293 697 347 766 30.
389 693 554 761 Bosonem
574 711 665 774 vero,
685 687 839 778 Hugonis
861 688 948 777 regis
970 689 1130 778 spurium,
1145 685 1358 756 Placentinae

210 781 307 866 sedis,
329 792 362 848 et
382 775 607 847 Liutefredum
620 775 668 841 Pa
692 773 791 842 iensis
812 773 971 841 aeclesiae
993 797 1013 841 e
1036 772 1168 864 iscopos
1189 771 1356 863 expellere

209 866 382 1020 ,pu
410 799 1382 1033 scaturrientes

120 971 121 974 ’
291 973 373 1019 srsse
395 972 456 1017 srm
511 971 547 1016 vr

207 1036 358 1106 Alterum
384 1033 499 1102 David
527 1030 656 1100 venisse
684 1029 873 1099 latrabrant
925 1029 994 1099 Sed
1021 1039 1055 1096 et
1078 1051 1200 1118 magno
1230 1026 1357 1097 Karolo

209 1143 287 1191 ceca
307 1122 395 1190 hunc
416 1129 526 1188 mente
570 1117 764 1185 referebant
809 1117 1019 1206 Quamquam
1041 1116 1128 1182 enim
1150 1117 1267 1182 iterato
1285 1113 1358 1181 Hu-

209 1230 328 1298 gonem
356 1217 456 1296 atque
486 1141 702 1272 Lotharium⁸
731 1223 825 1290 reges
853 1199 962 1268 Italici
990 1199 1204 1290 susciperent,
1229 1198 1357 1268 Beren-

208 1295 339 1383 garinm
370 1302 482 1358 mmen
512 1290 644 1356 nomine
676 1285 782 1355 solum
812 1286 1051 1370 marchionem,
1083 1294 1246 1376 potestate
1277 1308 1357 1353 vero
1399 1365 1400 1368 Ἴ

209 1401 245 1447 re
268 1400 331 1462 em,
353 1375 425 1444 illos
446 1372 610 1442 vocabulo
632 1395 739 1462 reges,
758 1383 836 1440 actu
856 1383 966 1440 autem
983 1391 1090 1459 neque
1104 1392 1165 1461 pro
1181 1368 1358 1439 comitibus

208 1401 384 1530 habebant.
462 1458 520 1528 uid
540 1457 659 1550 plura?
701 1459 809 1526 Tanta
828 1457 891 1525 hac
911 1456 1104 1544 Berengarii
1124 1455 1223 1542 fama,
1243 1456 1360 1524 huma·
1390 1520 1392 1525 .

209 1551 321 1632 nitate,
342 1545 447 1615 libera
459 1547 546 1629 tate,
567 1553 719 1635 parentes
741 1543 808 1610 mei
828 1544 935 1626 acciti,
957 1542 988 1609 ei
1009 1564 1062 1609 me
1083 1541 1128 1608 ad
1146 1540 1358 1610 serviendum

210 1635 353 1702 uadunt.
405 1630 470 1700 Cui
499 1642 532 1698 et
560 1630 715 1698 inmensis
745 1627 890 1697 oblatisb
916 1625 1123 1711 muneribus,
1156 1637 1358 1696 secretorum

211 1721 282 1786 eius
312 1718 478 1785 conscium
507 1737 547 1782 ac
576 1713 788 1805 epistolarum
815 1714 1017 1782 constituunt
1038 1714 1247 1803 signatorem.
1291 1711 1358 1783 Oui

97 1828 137 1882 ψ.
149 1829 201 1872 aaa.
212 1827 288 1871 cum
309 1801 449 1871 fideliter
468 1800 586 1890 *longo
602 1813 749 1892 tempore
764 1801 971 1887 deservirem,
992 1801 1055 1870 hac
1090 1825 1188 1892 quam
1202 1824 1359 1893 prosecu-

211 1900 327 1956 turus⁰
349 1911 423 1955 sum
446 1888 514 1953 suis
536 1889 572 1954 in
592 1884 684 1972 locis,
707 1910 767 1977 pro
790 1887 899 1956 dolor!
930 1853 1082 1957 mercede
1104 1889 1249 1956 donavit.
1293 1891 1358 1959 Ve-

210 1997 284 2042 rum
305 1975 386 2042 haec
408 1973 578 2042 retributio
605 1995 712 2063 poene
734 1996 786 2040 me
809 1975 851 2040 ad
873 1973 930 2041 des
956 1975 1134 2042 cretionem
1155 1997 1261 2064 usque
1282 1998 1357 2065 per·

210 2059 362 2145 traheret,
385 2061 413 2126 si
434 2060 526 2127 inre
548 2058 711 2127 consimili
734 2062 896 2127 consotios
915 1996 1074 2149 plurimos
1089 2082 1157 2127 non
1170 2060 1357 2130 excuderet.
1384 2068 1405 2102 ‘-

58 2144 264 2220 roasaraDe
286 2146 349 2213 isto
372 2146 459 2214 enim
481 2143 616 2233 pulchre
637 2145 763 2213 dictum
783 2147 981 2235 accipimus:
1005 2145 1148 2214 ‘Pennas
1169 2147 1358 2214 structionis

210 2229 332 2298 similes
355 2241 431 2298 sunt
451 2232 568 2319 permis
590 2231 755 2320 accipitris
778 2243 811 2298 et
830 2230 967 2298 herodii.
1001 2228 1087 2298 Cum
1108 2241 1238 2321 tempus
1259 2231 1360 2301 adve-

209 2317 304 2402 uerit,
326 2316 361 2382 in
383 2315 484 2382 altum
509 2313 578 2383 alae
605 2316 712 2403 erigit,
741 2315 868 2383 deridet
894 2317 1060 2405 aequitem
1088 2325 1121 2382 et
1150 2338 1358 2386 ascensorem

210 2403 300 2469 eius’.
343 2400 410 2469 Hic
433 2401 531 2486 enim,
561 2401 788 2491 superstitibus
809 2400 953 2489 Hugone
975 2412 1008 2467 et
1029 2399 1195 2486 Lothario,
1217 2425 1357 2493 magnus

209 2509 381 2577 voraxque
402 2487 527 2570 strutio,
548 2508 615 2553 non
635 2485 742 2553 bonus
764 2485 822 2554 sed
844 2484 931 2553 bono
953 2485 1069 2552 similis
1091 2497 1141 2554 est
1161 2487 1263 2554 vistis
1295 2488 1357 2557 Eis

207 2585 320 2641 autem
342 2571 585 2656 decedentibus,
608 2582 641 2639 et
662 2571 707 2639 ed
727 2574 821 2660 regni
841 2571 972 2660 fastigia
995 2570 1147 2640 omnibus
1161 2594 1357 2662 promoven·

205 2658 307 2741 tibus,
330 2666 488 2746 quantum
510 2655 579 2722 alas
597 2657 748 2742 erexerit,
771 2668 993 2747 quantumque
1007 2680 1068 2725 nos
1083 2679 1196 2726 omnes
1209 2660 1371 2746 irriserit.

208 2764 276 2809 non
296 2753 364 2808 tam
386 2741 496 2809 verbis
519 2765 619 2832 quam
641 2743 789 2833 suspiriis
811 2765 850 2809 ac
872 2741 1049 2832 gemitibus
1071 2764 1178 2810 narro.
1216 2743 1284 2813 Sed
1304 2743 1357 2813 his

209 2828 349 2911 omissis,
371 2825 416 2893 ad
436 2828 591 2894 namandi
612 2829 730 2896 seriem
751 2828 933 2896 redeamus.

295 2932 347 2997 31.
390 2931 465 2998 Rex
478 2931 579 3021 Hugo
603 2954 678 2999 cum
700 2932 844 2998 divinam
859 2932 1176 3003 animadversionem
1190 2934 1356 3005 declinare

208 3038 248 3082 ac
269 3014 470 3104 Berengario
492 3039 623 3107 preesse
645 3039 711 3083 non
732 3028 854 3106 posset,
881 3017 993 3086 relicto
1015 3019 1170 3087 Lethario
1193 3033 1235 3105 et,
1257 3022 1356 3089 simu·

208 3099 274 3167 lata
295 3123 389 3189 pace,
411 3101 602 3191 Berengarii
623 3102 701 3169 fidei
723 3103 853 3188 tradito,
883 3105 917 3169 in
938 3105 1146 3172 Provinciam
1169 3107 1259 3172 omni
1281 3128 1356 3174 cum

209 3187 350 3287 pecunia
374 3189 572 3276 properavit.
616 3189 691 3271 Quo
721 3188 833 3255 audito
861 3189 1066 3256 Raimundus
1093 3189 1356 3280 Aquetaniorum

207 3293 364 3420 pmnceps
394 3294 471 3338 eum
497 3272 596 3356 adiit,
625 3273 701 3339 cuid
725 3285 758 3340 et
779 3296 840 3363 pro
862 3275 960 3340 minis
982 3273 1070 3342 mille
1093 3298 1127 3342 se
1154 3276 1190 3342 in
1217 3275 1356 3345 militem

232 3355 308 3440 edit,
330 3356 495 3458 fidemque
517 3359 592 3459 sibi·
602 3369 807 3459 servaturum
832 3360 1014 3426 iuramento
1045 3358 1242 3462 adfirmavit
1288 3361 1356 3430 Sed

209 3441 1355 3629 {pbpppffinsesppplpplpmtglpppuffigffiffisppmlzprpangpffi

207 3610 362 3696 affecerrt,
382 3625 488 3699 gentis
511 3611 659 3680 eiusdem
676 3613 784 3680 vihtas
798 3613 908 3702 palam
922 3614 1010 3701 facit,
1033 3637 1117 3705 quae
1133 3618 1195 3685 etei
1233 3617 1354 3686 residio

208 3717 279 3762 esse
308 3708 437 3783 posset,
470 3698 514 3763 ad
543 3698 695 3766 effectum
721 3709 833 3766 tamen
861 3699 1119 3789 haudquaquam
1147 3725 1190 3790 pe
1230 3714 1352 3787 uceret,

208 3834 231 3911 a)
247 3861 348 3904 lothario
367 3865 386 3904 1.
434 3863 458 3915 b)
476 3864 550 3905 oblati
566 3868 586 3906 1.
634 3863 655 3914 c)
671 3875 810 3916 prosecurus
828 3868 849 3909 1.
887 3865 910 3919 d)
926 3867 982 3906 deest
999 3865 1019 3908 b.
1037 3867 1079 3910 ta.
1117 3866 1139 3920 e)
1155 3867 1319 3910 ostensarum
1330 3872 1352 3913 1.

210 3993 239 4060 1)
260 3993 302 4048 cf.
322 3995 431 4048 Attonis
451 3998 531 4064 epist.
551 3996 587 4048 ad
606 3997 770 4051 Waldonsm
790 3998 910 4066 (attonis
931 3999 1352 4070 opp.ed.Burontiusp.81⁷)r

207 4085 272 4120 nam
298 4071 380 4122 armis
407 4069 527 4136 defendi,
554 4071 768 4140 depraedatione
792 4074 837 4125 vel
862 4074 1050 4128 devastatione
1075 4076 1223 4140 dedicari,
1246 4077 1353 4144 praeda

209 4142 299 4208 ditari,
319 4143 364 4196 vel
383 4144 532 4198 homicidio
551 4147 596 4199 vel
616 4147 824 4201 detruncatione
843 4150 942 4216 timeri,
961 4165 1016 4203 non
1034 4148 1208 4202 secerdotum
1221 4150 1271 4202 sed
1285 4151 1352 4204 dae·

207 4233 317 4270 monum
337 4223 394 4283 est3
413 4217 485 4272 Hice.
506 4219 561 4272 Ott.
584 4237 608 4275 c.
629 4222 655 4275 1.
731 4219 761 4290 2)
782 4223 835 4287 Qui
854 4229 951 4292 postca
970 4223 1152 4277 Adalbe‘idam
1172 4225 1297 4292 reginam
1317 4242 1352 4278 ex

209 4307 319 4344 carcere
339 4291 468 4345 liberavit
486 4309 519 4346 ac
539 4301 643 4348 tutatus·
662 4302 712 4349 est.
