2932 4718
243 237 296 290 1³8
464 269 468 276 ·
538 236 772 310 LIUDPRANDI
791 236 967 292 enemo.
1005 236 1089 292 8-5.

179 419 390 492 “tteoesteu
419 409 455 475 in
476 406 582 493 deme,
612 429 697 497 quae
724 406 844 476 dieitur
870 407 1027 498 Στεφάνα,
1054 406 1090 474 id
1118 417 1167 474 eat
1189 404 1381 494 Oorenariu,

141 485 194 529 Μ
210 484 233 526 ²·
242 506 317 563 ante
336 493 557 582 Nicephorum
572 514 646 560 sum
660 492 830 578 deductus,
850 491 1016 560 hominem
1030 494 1110 560 satis
1124 503 1380 578 menetruoeum,

242 597 451 670 pygmaeum,
474 579 583 667 capite
627 579 771 668 inguem,
792 589 891 668 etque
914 576 1083 646 eeulerum
1104 579 1265 667 parvitate
1287 577 1383 683 talpi-

242 686 332 750 num,
352 661 574 747 barbeuurta,
596 600 671 748 idm,
693 664 801 754 spissa
819 674 852 732 et
872 665 1040 732 semicana
1059 661 1236 749 foedatum,
1252 684 1382 733 oervree

83 800 88 810 .
242 749 369 840 digitali
403 758 579 839 turpatum,
615 748 801 838 prolixitate
837 759 871 817 et
904 749 1064 818 densitate
1099 770 1269 819 commum
1300 751 1382 818 satis

109 834 407 925 ffmhyopom*
417 848 439 920 ¹,
462 832 571 902 eelore
588 834 792 925 Aethiopem,
814 837 868 901 eui
882 858 943 924 per
954 834 1097 902 mediam
1111 834 1195 902 nolin
1209 856 1383 904 oeeurrere

241 931 403 1006 noetem¹,
425 931 539 988 venue
560 930 743 1005 extensum,
771 921 902 989 natibus
931 921 1067 1006 siecum,
1095 921 1190 988 coxis
1217 919 1261 987 ud
1288 940 1380 989 meu·

243 1028 354 1080 suram
373 1008 386 1074 i
409 1026 481 1074 sam
501 1004 636 1074 brevem
656 1004 893 1096 longissimum,
923 1005 1073 1074 omuibus
1095 1027 1245 1094 parvum,
1274 1005 1381 1074 ealea-

113 1093 312 1162 euoenon
333 1028 538 1182 pedibusque
620 1089 738 1176 uelem,
758 1089 894 1158 villino*
923 1089 982 1159 sed
1003 1092 1100 1158 nimis
1128 1099 1300 1160 veternose
1327 1088 1381 1158 vel

129 1253 134 1258 ,
210 1251 214 1261 ,
243 1176 455 1246 diuturnitate
494 1176 569 1266 ipsa
621 1175 730 1245 eetide
766 1187 799 1244 et
835 1175 955 1266 pallide
992 1185 1181 1244 ornamento
1216 1175 1382 1256 indutum,

103 1267 232 1324 ’Μ
244 1262 395 1332 Sieieniis
417 1260 648 1330 calceamentis
663 1262 873 1347 calceatum,
895 1260 1008 1352 lingua
1020 1283 1207 1352 precarem,
1226 1261 1382 1351 ingenio*

241 1346 391 1438 vulpem,
424 1348 567 1435 periurio
600 1370 659 1415 eeu
690 1347 861 1415 mendacio
897 1347 1038 1436 Ulyxem
1048 1359 1073 1414 ⁴.
1130 1347 1208 1415 Sem
1249 1370 1268 1415 r
1298 1345 1383 1415 mihi
1413 1356 1446 1393 ·'

242 1434 368 1502 demini
388 1434 455 1500 mei
474 1433 707 1521 imperatores·
729 1433 862 1522 augusti
890 1432 1040 1518 formosi,
1093 1443 1193 1501 uento
1242 1430 1383 1500 ‘eier-

243 1520 401 1587 meeieres
421 1519 484 1584 visi
505 1518 608 1584 estis?
640 1517 777 1608 Semper
799 1520 913 1604 ornati,
936 1530 1057 1608 quante
1071 1454 1155 1586 lrirm
1177 1517 1383 1586 ornatiores?

245 1604 383 1694 Semper
409 1612 568 1705 petentes,
598 1613 720 1694 quante
748 1603 824 1671 hine
854 1603 1074 1693 potentiores?
1111 1603 1249 1695 Semper
1275 1603 1384 1688 mites,

245 1700 367 1780 quante
389 1687 465 1755 luno
486 1689 657 1757 mitiores?
683 1689 823 1792 Semper
841 1688 1017 1757 virtutibus
1039 1689 1137 1778 pleni,
1159 1697 1282 1779 quante
1303 1687 1384 1756 hine

191 1845 193 1851 ,
266 1773 427 1843 leniores?
455 1772 620 1841 Sedebant
640 1774 683 1841 ad
705 1775 880 1858 sinistram,
902 1796 968 1841 nen
995 1777 1031 1841 in
1053 1775 1168 1842 eadem
1196 1773 1292 1859 duee,
1323 1773 1384 1840 sed

244 1798 340 1949 llonge
362 1859 512 1927 deorsum
534 1859 599 1926 due
620 1859 748 1948 parvuli
769 1861 979 1948 imperatores
990 1872 1012 1945 ⁵,
1042 1861 1111 1927 eius
1137 1858 1302 1948 quendam
1325 1858 1384 1927 do·

244 1946 325 2012 mini
338 1959 432 2010 ‘nune
452 1942 601 2029 subiecti,
624 1946 716 2011 euius
737 1946 930 2012 narrationis
951 1947 1080 2012 initium
1101 1944 1164 2010 hee
1184 1943 1262 2011 fuit:

329 2031 362 2096 4.
395 2029 641 2115 ‘Debueramus,
662 2031 762 2097 immo
782 2030 1000 2114 volueramus,
1029 2040 1062 2097 te
1089 2029 1230 2118 benigne
1256 2030 1385 2117 magni·

244 2115 371 2205 fieeque
399 2116 578 2217 suscipere3
612 2114 670 2182 sed
699 2115 824 2182 domini
852 2117 900 2183 tui
932 2117 1083 2216 impietas
1114 2137 1181 2182 nen
1255 2115 1385 2199 nnittit,

245 2203 303 2303 qui
325 2210 393 2267 tam
414 2201 547 2267 inimma
567 2200 735 2268 invasione
757 2201 896 2268 Romam
923 2201 986 2269 sibu
1006 2200 1195 2287 vindicavit,
1213 2136 1385 2352 &muffe-

130 2297 314 2354 ‘nutnoi
335 2288 383 2353 *et
403 2284 580 2354 Adelberto
603 2295 717 2354 eontra
744 2285 931 2376 iuniusque
959 2286 1120 2375 regnumb
1147 2283 1291 2369 abstulit,

245 2394 415 2474 manorum
437 2370 518 2473 alies
539 2371 659 2473 gladie,
680 2370 761 2439 alies
782 2372 967 2473 suspendio·
979 2372 1151 2475 interemit,
1174 2369 1277 2472 oeulis
1299 2368 1384 2437 alies

837 2471 848 2504 'l

135 2574 138 2578 -
244 2467 395 2644 {titt}
415 2455 842 2643 innituitiltttt
855 2467 930 2621 'nii
950 2466 1387 2693 {iiilunlilelilpii

246 2629 572 2781 immiiiiemniii
594 2627 954 2803 itfflissmiqlt
977 2636 1384 2802 dipilleliffullnllnd

245 2819 338 2887 paee,
361 2799 455 2887 quasi
477 2793 656 2881 turonove,
678 2798 713 2864 id
734 2809 785 2866 est
798 2796 1047 2887 exploratorem,
1069 2798 1186 2865 adnos
1201 2797 1340 2865 direxie.

332 2885 363 2950 5.
397 2882 461 2951 Oui
482 2884 617 2972 iuquam
641 2905 718 2985 ege:
740 2885 931 2951 ‘Romanam
946 2885 1110 2951 civitatem
1125 2882 1277 2950 deminuo
1290 2903 1386 2950 meus

146 3036 149 3039 .
246 2990 313 3036 nen
334 2969 367 3034 vi
388 2978 444 3035 aut
538 2970 633 3036 nniee
662 2971 790 3054 mvesit,
818 2968 876 3036 sed
898 2991 918 3035 a
939 2970 1080 3057 tyranni,
1107 2970 1207 3035 immo
1230 2978 1385 3056 tyranne-

122 3075 320 3128 nuaarum
352 3056 429 3143 iuge
457 3054 481 3119 li
504 3056 618 3122 erevit.
661 3055 778 3122 Nonne
806 3054 983 3122 effeminati
1011 3052 1262 3122 dominabuntur
1288 3052 1384 3121 eius?

247 3149 279 3207 et
301 3139 389 3228 qued
409 3141 541 3229 gravius
564 3141 633 3206 sive
656 3143 791 3229 turpius,
814 3163 920 3208 nenne
943 3139 1150 3207 meretrices?
1179 3138 1385 3221 Dormiebut,

246 3237 283 3292 ut
304 3236 392 3313 pute,
421 3236 500 3292 tuno
527 3234 671 3314 potestas
697 3237 762 3310 tua,
790 3227 890 3293 immo
919 3226 1128 3294 decessorum
1155 3235 1296 3308 tuorum,
1326 3225 1385 3313 qui

247 3311 377 3379 nemine
407 3309 491 3394 sele,
523 3333 590 3377 non
618 3323 727 3378 autem
755 3334 789 3378 re
818 3313 891 3399 ipsa
923 3314 968 3377 im
993 3323 1134 3378 emtores
1163 3311 1385 3376 Romanorum
1458 3341 1461 3349 ¹

246 3405 415 3462 veeantur.
459 3395 496 3463 Si
510 3408 670 3485 petentes,
692 3398 721 3462 si
738 3397 950 3485 imperatores
964 3334 1188 3463 demanerum
1201 3406 1304 3478 erent,
1326 3414 1385 3461 eur

247 3479 386 3546 Romam
407 3481 442 3546 in
462 3483 668 3548 meretricum
690 3492 849 3570 potestate
872 3481 1065 3549 sinebant‘?⁸
1087 3479 1204 3547 Nonne
1222 3479 1384 3547 sanctissi-

248 3609 272 3662 ε)
289 3611 438 3661 imperatoria
454 3609 476 3651 0.
500 3649 502 3653 ,
523 3608 547 3661 b)
564 3611 637 3650 vitam
654 3610 675 3651 0.
691 3620 790 3660 neruum
805 3611 917 3662 immam
933 3623 978 3652 me
992 3613 1084 3659 meatur,
1100 3621 1149 3651 aa·
1163 3607 1386 3662 nequamneuam

247 3680 317 3720 aeque
333 3669 451 3710 Adulterto
472 3674 524 3710 tuae
545 3669 669 3710 etiannum
689 3670 738 3710 etr-o
762 3669 809 3711 Otto
830 3672 897 3711 vitan
918 3671 1031 3712 aarum
1047 3677 1066 3712 et
1081 3671 1106 3712 ta
1121 3671 1190 3722 sepite
1205 3669 1303 3721 nenati
1317 3667 1385 3710 Lina·

244 3730 349 3781 prendat
363 3735 419 3771 reete
433 3730 494 3770 illusa
503 3740 570 3781 repere
580 3735 696 3780 utrumque
704 3730 805 3780 privem
815 3736 979 3782 aspamam
990 3732 1015 3774 da
1027 3733 1073 3772 etta
1083 3730 1139 3772 auu
1149 3730 1240 3782 adden,
1256 3729 1281 3771 vl
1296 3731 1384 3771 lemn

209 3830 211 3835 ,
247 3790 305 3832 reat.
322 3789 462 3830 uiuerent.
504 3789 526 3842 e)
538 3789 668 3830 subducere
685 3788 812 3831 neom
828 3792 887 3835 Ana.
907 3790 969 3834 Trou.
986 3804 1009 3844 p.
1026 3792 1079 3836 ⁴71.
1096 3801 1122 3832 a
1137 3791 1215 3832 redire.
1291 3786 1316 3838 d)
1326 3787 1385 3840 fert.

247 3845 398 3894 ratumenna
414 3849 436 3892 0.

251 3945 279 4014 1)
300 3947 362 4000 Suis
382 3930 439 4014 (ὗς)
460 3947 559 3999 faeiem
583 3937 649 4016 (ὂψ)
673 3946 882 4015 praeferentem.
960 3946 989 4016 2)
1009 3949 1106 4001 Iuven.
1126 3948 1185 4001 Sat.
1205 3946 1237 4009 V,
1257 3945 1310 3998 nez
1341 3939 1389 4003 eui

249 4037 298 4089 per
324 4021 443 4074 mediam
462 4021 532 4075 nelis
552 4036 695 4074 oeenrrere
722 4027 841 4074 nectem.
922 4023 952 4088 8)
972 4023 1014 4077 Oi.
1035 4022 1094 4075 cie.
1120 4021 1155 4074 de
1174 4026 1244 4074 erat.
1262 4020 1277 4072 1
1297 4035 1322 4073 e.
1343 4019 1388 4072 54.

249 4092 280 4163 4)
295 4093 426 4163 Congruit
447 4111 507 4148 eum
521 4095 574 4148 hae
587 4095 735 4164 Nicepheri
747 4097 867 4162 imagine
881 4112 915 4149 ex
927 4104 1004 4165 parte
1018 4096 1075 4151 Leo
1088 4097 1229 4149 Diaeenue
1242 4093 1328 4159 (Eira
1341 4093 1387 4147 111

250 4185 275 4220 e.
289 4167 306 4219 8
320 4187 347 4239 p.
360 4168 396 4222 48
411 4169 455 4223 ed.
469 4168 567 4238 Hane).
615 4168 645 4237 t)
659 4168 778 4223 Basilius
790 4167 844 4236 (ΙΙ)
855 4166 1387 4240 etCoustantinus(VIII)Remaui[11)

250 4244 419 4312 imperatoria
433 4244 492 4308 tilii,
506 4247 553 4313 qui
566 4260 590 4296 a.
605 4245 659 4296 976
673 4260 786 4312 regnum
801 4253 988 4315 susceperunt.
1009 4243 1093 4299 CAN.
1151 4246 1181 4312 6)
1194 4245 1272 4299 Obiit
1282 4259 1310 4297 a.
1323 4242 1388 4295 968.

251 4319 279 4384 7)
300 4335 326 4371 a.
346 4319 400 4370 967
420 4320 539 4372 ineunte.
570 4318 678 4371 Gontin.
699 4319 767 4387 Reg.
845 4318 874 4386 8)
895 4320 936 4373 Cf.
956 4321 1026 4373 inira
1046 4337 1071 4374 o.
1092 4319 1137 4386 17,
1155 4321 1218 4373 Ant.
1231 4317 1278 4372 111
1297 4334 1322 4372 e.
1339 4317 1387 4369 lle

249 4399 280 4444 ut
298 4397 470 4447 meretricum
492 4396 574 4446 etiam
594 4395 707 4463 imperio
727 4400 850 4463 paroeat.
