2932 4718
223 268 275 319 160
500 266 735 319 LIUDPRANDI
754 266 928 322 Laome.
969 268 1088 322 64-66.

160 459 212 501 ssa.
308 437 385 503 ‘Sed
407 436 599 519 κωλυόμεια,
629 434 664 501 id
695 446 744 503 est
770 435 947 524 prohibita,
977 449 1051 505 sunt
1073 437 1171 521 haeo’,
1202 438 1367 524 inquiunt.

94 517 159 570 ⁸⁰¹³*
177 519 212 563 ¹²·
224 521 277 589 ‘Et
300 545 375 588 oum
398 544 481 609 quae
510 522 628 587 asseris
655 523 831 610 imperator
858 522 996 604 diceret,
1024 524 1065 590 de
1092 521 1210 589 talibus
1237 521 1367 606 saltem,

221 619 257 675 ut
271 609 459 689 somniares,
482 628 548 672 non
569 608 676 694 potuit
690 608 847 694 cogitare,
870 617 907 675 ut
928 608 1015 674 enim
1038 607 1171 692 divitiis,
1193 608 1368 695 sapientia,

219 696 265 760 itu
286 703 319 760 et
340 693 476 759 caeteris
498 690 683 758 nationibus
706 702 851 781 prestare
872 704 962 760 veste
985 692 1153 776 debemus,
1182 703 1220 759 ut
1242 692 1366 782 quibus

220 775 464 929 esphsingulan'q
486 777 520 842 in
542 776 716 844 virtutibus
740 780 855 864 gratia,
878 778 920 845 sit
939 777 1113 867 singularis
1129 777 1209 846 etin
1223 775 1368 866 pulchri·

220 875 255 930 tu
281 865 332 930 ’ne
353 863 472 929 vestis.
1136 893 1139 900 ·

306 949 358 1014 55.
402 945 679 1034 ‘Haudquaquam
712 946 917 1097 sinzularis',
951 949 984 1013 in
1008 969 1106 1032 uam,
1140 947 1231 1014 ‘haee
1264 947 1366 1014 vestis

220 1034 291 1100 fieri
312 1042 429 1121 potest,
452 1053 528 1098 cum
549 1054 650 1119 penes
672 1054 732 1098 nos
756 1053 775 1098 o
800 1032 920 1100 olariae
942 1055 976 1098 m
1013 1035 1095 1100 'eres
1117 1043 1150 1100 et
1171 1030 1368 1121 mandroge-

220 1130 351 1186 rontes¹
374 1116 424 1182 his
447 1119 598 1183 utantur’.

306 1202 431 1285 ‘Unde',
454 1201 617 1290 inquiunt,
639 1199 775 1268 uobis?

307 1288 349 1353 ‘A
379 1288 544 1354 Venetieis
572 1296 604 1354 et
629 1284 834 1354 Amelfitanis
864 1286 1087 1371 institoribus',
1116 1289 1262 1388 inquam,
1294 1287 1367 1375 ‘qui

219 1375 338 1440 nostris
350 1395 393 1439 ex
403 1371 610 1454 victualibus,
622 1371 702 1439 haee
714 1371 847 1439 ferendo
859 1370 964 1456 nobis,
976 1375 1077 1439 vitam
1088 1382 1236 1439 nutriunt
1249 1370 1366 1438 suam’.

304 1457 381 1526 ‘Sed
415 1479 480 1522 non
512 1457 651 1545 amplius
683 1457 745 1524 hoe
781 1458 928 1542 facient’,
966 1459 1066 1524 aiunt.
1112 1457 1367 1526 ‘Scrutabuntur

219 1542 324 1633 plane,
347 1553 379 1609 et
404 1543 432 1608 si
455 1543 535 1631 quid
556 1543 742 1608 huiusmodi
763 1544 932 1610 inventum
953 1544 1060 1627 fruerit,
1081 1542 1272 1610 verberibus
1294 1564 1369 1610 eae·

220 1652 286 1709 sus,
310 1630 399 1694 crine
422 1637 545 1701 tonsus,
568 1648 690 1715 poenas
713 1626 823 1693 dabit'.

306 1713 398 1779 ‘Tem
425 1711 555 1795 oribus',
579 1713 722 1799 inquam,
745 1711 870 1779 ‘beatae
893 1715 1068 1781 memoriae
1086 1713 1292 1780 Constantini
1307 1713 1367 1778 im·

219 1800 378 1900 paratoria
400 1736 466 1863 bue
488 1818 650 1877 veneram,
673 1819 739 1862 non
762 1799 946 1884 episeopus,
970 1799 1028 1865 sed
1051 1797 1219 1881 diaeonus,
1242 1819 1304 1863 neo
1323 1797 1366 1866 ab

219 1893 414 1970 imperatore
436 1893 492 1948 aut
514 1904 600 1968 rege,
623 1881 680 1946 sed
696 1903 716 1945 a
731 1881 930 1971 Berengam'o
952 1884 1139 1950 marchione
1161 1885 1368 1964 miss1u²,et

220 1968 321 2035 multo
343 1967 438 2055 plura
460 1989 498 2033 ac
522 1968 712 2054 pretiosiora
757 1966 832 2033 allia
859 1969 933 2052 emi,
963 1992 1045 2057 quae
1073 1991 1179 2056 neque
1210 1979 1366 2051 scrutata,

219 2077 280 2120 neo
302 2077 322 2119 a
345 2053 480 2120 Graecis
508 2053 588 2134 visa,
620 2074 681 2117 neo
710 1990 844 2140 pllunbo
874 2065 950 2120 sunt
977 2057 1114 2141 signata
1164 2052 1273 2135 Nune,
1302 2051 1366 2119 deo

220 2141 404 2223 miserante,
432 2140 616 2226 episeopus,
644 2147 676 2203 et
705 2158 726 2201 a
752 2140 934 2225 magnificis
964 2138 1214 2227 imperatoribus
1242 2138 1367 2207 Ottone

220 2238 253 2292 et
273 2224 404 2306 Ottone,
426 2233 518 2312 patre
541 2231 573 2287 et
594 2221 671 2305 filio,
697 2224 815 2290 missus
837 2234 927 2291 tanto
949 2223 1146 2306 inhonestor,
1174 2235 1212 2290 ut
1232 2223 1367 2291 Veneti·

220 2332 335 2376 corum
356 2330 446 2375 more
475 2305 574 2395 pallia
601 2329 674 2373 mea
700 2318 861 2392 notentur,
895 2320 927 2375 et
956 2330 1041 2398 quae
1071 2310 1237 2397 quantivis
1267 2309 1367 2396 pretii

218 2396 380 2478 videntur,
403 2393 600 2475 auferantur,
623 2414 698 2457 oum
720 2395 754 2459 in
777 2393 934 2461 ecelesiae
963 2394 1043 2460 mihi
1069 2394 1262 2460 commissae
1284 2416 1366 2460 usus

219 2480 372 2548 ferentin.
416 2478 490 2544 Non
511 2476 622 2544 taedet
642 2499 700 2543 vos
723 2477 991 2546 contumeliarum
1012 2501 1170 2561 mearum,
1192 2479 1292 2545 immo
1309 2476 1367 2544 do-

220 2567 383 2631 minorum
405 2585 562 2644 meorum,
585 2563 619 2628 in
635 2561 753 2663 quibus
769 2563 980 2631 contemnor?
1003 2563 1092 2652 quod
1107 2586 1180 2630 sum
1195 2563 1366 2631 custodiae

220 2650 370 2732 traditus,
401 2648 490 2736 quod
514 2646 600 2714 fame
631 2649 748 2736 sitique
779 2651 957 2733 cruciatus,
992 2649 1082 2737 quod
1107 2669 1174 2714 non
1201 2647 1245 2715 ad
1273 2649 1365 2736 ipsos

220 2735 369 2816 redirem,
390 2733 561 2821 hueusque
577 2743 730 2815 retentus,
753 2735 815 2799 nisi
831 2737 938 2817 etiam,
953 2733 997 2800 ad
1012 2733 1179 2799 cumulum
1195 2731 1366 2800 dedecoris

221 2841 344 2900 eorum,
367 2818 508 2905 propriis
530 2817 695 2906 exspolier
715 2817 835 2884 rebus?
878 2819 1013 2886 Auferte
1035 2817 1159 2901 saltem,
1183 2840 1267 2928 quae
1290 2829 1367 2886 sunt

221 2915 348 2994 empta3
372 2902 533 2985 dimittite,
557 2924 641 2990 quae
663 2913 738 2968 suut
759 2903 845 2969 dono
868 2905 909 2970 ab
932 2906 1046 2970 amieis
1069 2905 1207 2970 donata.

109 3005 210 3058 ·p.seo.
308 2988 575 3071 'Constantinus’,
599 2989 760 3075 inquiunt,
783 2990 836 3053 ‘im
862 3001 977 3072 erutor,
1000 2988 1098 3055 homo
1121 2988 1231 3070 lenis⁸,
1253 2989 1288 3055 in
1309 3010 1367 3076 pa-

222 3074 298 3140 latio
320 3097 455 3139 manens
479 3084 647 3160 perpetuo,
669 3073 820 3139 huiusmo
877 3074 975 3141 rebus
997 3075 1120 3140 amicas
1139 3073 1201 3140 sibi
1216 3075 1366 3140 nationes

221 3160 386 3240 effecerat3
420 3158 624 3245 Nicephorus
654 3180 732 3224 vero
759 3157 899 3226 basileus
929 3159 1026 3226 homo
1056 3160 1222 3244 ταχύχειρ,
1251 3157 1288 3224 id
1317 3168 1367 3225 est

221 3244 355 3311 militiae
384 3242 527 3324 deditus,
555 3243 710 3330 palatium
734 3265 795 3309 ceu
822 3257 947 3332 pestem
973 3243 1142 3328 abhorret,
1169 3255 1202 3310 et
1228 3254 1367 3309 vocatur

222 3353 242 3395 a
263 3329 358 3396 nobis
404 3350 483 3416 rope
503 3328 674 3394 simultatis
690 3339 816 3394 amator
830 3340 929 3418 atque
944 3339 1203 3418 argumentosus,
1226 3330 1285 3416 qui
1298 3349 1365 3395 non

191 3480 197 3486 .
245 3416 326 3481 ratio
349 3351 412 3479 sili
434 3423 547 3501 gentes
569 3414 702 3496 amicas,
725 3413 784 3480 sed
806 3425 927 3482 terrore
949 3428 982 3482 et
1003 3414 1112 3502 gladio
1133 3414 1196 3482 sibi
1216 3411 1366 3481 subditas

136 3508 138 3512 ’
221 3437 308 3565 licit.
346 3497 466 3586 Atque,
489 3509 526 3565 ut
547 3520 736 3584 cognoscas,
780 3500 871 3566 uanti
886 3499 1035 3566 dominos
1050 3511 1124 3567 tuos
1138 3520 1232 3586 reges
1247 3497 1366 3567 babea-

222 3606 305 3666 mus,
329 3605 413 3671 quae
435 3582 511 3649 data
534 3593 609 3648 sunt
631 3582 747 3649 coloris
793 3585 965 3669 uiusmodi,
992 3594 1024 3651 et
1053 3607 1137 3673 quae
1164 3591 1284 3672 empta,
1311 3584 1366 3651 via

222 3668 337 3736 eadem
358 3666 401 3733 ad
422 3690 481 3733 nos
503 3668 724 3735 revertentur'.

305 3755 358 3819 56.
402 3753 464 3818 His
498 3752 594 3820 dietis
628 3765 726 3843 atque
759 3752 939 3841 eompletis,
972 3753 1212 3845 χρυσοβούλιον,
1245 3751 1281 3819 id
1315 3760 1364 3819 est

222 3837 391 3926 epistolam
418 3860 497 3904 auro
528 3840 683 3926 scriptam
714 3849 746 3905 et
777 3840 949 3939 signatam,
978 3840 1058 3905 milri
1080 3837 1249 3938 dederunt,
1270 3836 1366 3904 vobis

221 3923 439 4008 deferendam,
473 3924 530 3990 sed
563 3947 629 3990 non
662 3925 754 3992 vobis
785 3923 935 4012 dignam,
969 3936 1006 3992 ut
1032 3947 1125 3991 mens
1152 3920 1256 3988 eredit
1280 3944 1365 3989 mea.

222 4007 380 4081 Tulerunt
400 4019 510 4076 autem
534 4020 566 4076 et
586 4008 666 4075 alias
688 4009 811 4076 litteras
833 4020 968 4096 argento
984 4011 1137 4098 signatas,
1160 4018 1258 4096 atque
1273 4005 1365 4075 dixe·

224 4152 253 4224 1)
266 4156 395 4207 biouaebi
414 4157 499 4210 vetuli
512 4155 561 4225 (i).
619 4158 646 4223 2)
661 4158 725 4209 Ant.
739 4157 778 4208 Vi
798 4173 822 4210 e.
837 4159 853 4208 3
874 4174 933 4225 sqq.
992 4154 1023 4225 3)
1036 4154 1188 4224 'l’beophtuu
1211 4155 1313 4209 contin.
1326 4152 1366 4207 w

224 4247 248 4282 e.
270 4231 318 4280 16:
339 4226 372 4282 ιΟ
394 4227 424 4283 δὲ
444 4225 758 4300 dissuasionesque
778 4224 927 4301 desudare,
949 4247 973 4282 o.
995 4232 1045 4282 bt:
1065 4223 1203 4300 προςηνὴς
1219 4232 1280 4293 ,τοῖς
1299 4224 1368 4283 πᾶσι

221 4304 266 4355 καὶ
285 4297 322 4369 ὡς
342 4298 374 4355 ιὰ
393 4301 481 4358 πολλὰ
501 4301 591 4370 δειλός
612 4343 618 4358 .
640 4342 647 4358 .
667 4305 711 4357 aul
727 4309 785 4369 τοῖς
805 4299 904 4377 δώροις
917 4304 962 4357 καὶ
973 4308 1033 4368 ταῖς
1050 4297 1208 4374 &usleipam
1220 4296 1362 4367 πλούσιος.
