2932 4718
290 217 523 271 LIUDPRANDI
542 216 811 271 ANTAPODOSIS.
849 215 922 270 LlB.
944 216 993 270 iv.
1031 217 1075 271 26.
1171 246 1174 251 -
1218 218 1254 271 ⁹8

111 385 864 572 ii333353s33333333333
893 385 1316 562 3333333323153

112 555 257 642 laverint,
280 558 429 625 occident
451 577 537 640 eum,
567 566 599 622 et
628 554 680 624 die
703 565 803 623 tercia
832 560 999 660 resurget’.
1050 555 1120 624 Our
1140 559 1252 647 itaque

111 665 187 709 eum
201 645 417 711 resurrexisse
432 641 573 717 dubitas,
596 664 672 708 cum
686 641 839 729 gentibus
854 642 1019 727 traditum,
1108 640 1250 727 ellatum,

113 739 319 817 consputum,
342 726 550 810 crucifixum,
573 728 658 793 sicut
701 727 874 812 redixsrat,
907 728 1045 795 videas?
1141 726 1188 794 ud
1208 728 1251 796 ab

112 835 147 879 re
169 823 227 896 est,
251 814 340 903 quod
363 815 461 881 deum
482 822 576 879 tuum
595 750 746 880 manibus
761 814 902 902 propriis
916 823 1055 880 tractare
1070 812 1250 881 contendis.

112 897 186 985 Ipse
208 921 351 989 namque
371 922 431 966 rex
453 909 571 980 noster,
602 899 660 987 qui
686 908 761 964 ante
788 897 901 966 secula
923 909 1075 988 operatus
1097 910 1146 966 est
1168 898 1250 966 salu·
1260 930 1300 973 r..
1310 931 1347 986 rs,
1359 935 1394 978 ii.

110 990 176 1049 tem
197 985 231 1050 in
254 985 362 1053 medio
383 997 497 1068 terrae,
520 985 577 1072 qui
598 983 691 1050 novit
706 986 815 1051 omnia
828 995 1005 1072 antequam
1019 983 1109 1068 fiant,
1131 984 1250 1052 multos

132 1067 295 1138 reviderat
315 1071 378 1138 hoc
400 1091 508 1137 errore
553 1070 700 1155 erituros,
722 1081 759 1137 ut
779 1081 828 1138 est
845 1071 1029 1137 misericors
1044 1081 1077 1137 et
1091 1067 1250 1138 clemens:

110 1161 119 1195 Τ
171 1158 225 1238 er',
259 1157 314 1239 ait,
348 1154 499 1244 ‘digitum
530 1091 606 1236 buc,
640 1164 673 1222 et
704 1156 795 1223 mitte
823 1178 958 1222 manum
987 1165 1079 1222 tuam
1106 1156 1140 1221 in
1166 1153 1411 1225 lemausum.

110 1247 229 1323 meum,
252 1254 285 1309 et
306 1240 374 1309 noli
395 1263 465 1308 esse
487 1238 684 1325 incredulus,
706 1239 765 1308 sed
787 1239 910 1308 fidelis’.
939 1240 1085 1323 Ἐξαύδα
1102 1243 1138 1306 δε
1158 1241 1250 1324 coeo

110 1322 186 1409 ἅγιε,
208 1325 338 1393 exauda
361 1325 401 1393 de
424 1324 534 1393 thoma
548 1327 632 1412 agie,
657 1325 746 1415 quod
760 1336 810 1393 est
825 1325 979 1394 confitere
999 1337 1109 1394 autem
1123 1325 1253 1393 Thema

110 1418 231 1494 sancte,
254 1425 287 1479 et
307 1422 365 1478 tua
387 1410 552 1478 dubietate
576 1431 671 1477 omne
685 1421 833 1478 nostium
856 1435 898 1479 ex
918 1410 994 1479 lude
1016 1410 1250 1500 amphibolum

110 1494 304 1580 ‘Dominus’,
326 1497 442 1585 inquit,
466 1503 569 1583 ‘meus
591 1507 624 1561 et
645 1495 726 1563 deus
748 1500 861 1564 meus'.
895 1432 925 1564 ὃ
948 1495 1142 1584 ambiguum
1163 1499 1251 1563 omni

108 1577 205 1647 laude
228 1580 473 1670 dignissimum!
498 1580 527 1649 Ο
550 1580 688 1647 dubium
711 1582 838 1650 cunctis
860 1580 977 1649 seculis
1000 1580 1250 1671 predicandum!

109 1663 146 1731 Si
167 1675 204 1731 tu
226 1688 293 1733 non
314 1666 491 1751 dubitares,
525 1688 590 1733 non
624 1688 686 1756 ego
719 1679 786 1735 tam
819 1667 955 1735 firmiter
988 1666 1164 1735 crederem.
1214 1665 1252 1735 si

109 1749 283 1819 mulierum
321 1752 532 1837 credentium,
564 1752 592 1819 si
625 1751 924 1842 condiscipulorum
957 1751 1056 1819 fidem
1089 1750 1251 1838 hereticis,

110 1836 167 1923 qui
198 1859 266 1904 non
297 1859 376 1905 vero
411 1859 547 1926 corpore
577 1835 746 1905 dominum
775 1849 922 1906 nostrum
950 1837 1061 1905 Iesum
1084 1837 1251 1906 Christum

77 1955 78 1958 ¹
109 1923 327 1990 resurrexisse
359 1921 531 2008 latrabant,
564 1923 758 2008 diceremus,
795 1923 898 1991 multa
927 1922 1023 1990 nobis
1060 1933 1252 2011 argumenta

110 2002 271 2074 diabolica
292 2007 467 2076 calliditate
490 2021 701 2098 opponerent
750 2008 817 2078 Sed
843 2031 917 2076 cum
939 2007 1143 2076 dubitantem
1164 2008 1251 2077 Tho·

110 2112 187 2156 man
209 2114 328 2182 corpus
350 2104 506 2162 tractasse
538 2093 711 2161 vulnerum
734 2096 902 2162 cicatrices
923 2095 1081 2182 tetigisse,
1111 2115 1151 2160 ac
1171 2117 1251 2161 mox

112 2173 321 2246 dubitacione
341 2189 467 2246 remota
495 2142 595 2246 deum
622 2191 654 2249 et
676 2179 846 2246 dominum
874 2179 1075 2247 exclamasse
1102 2178 1251 2266 audiunt,

110 2263 167 2350 qui
188 2263 279 2352 prius
302 2274 400 2335 erant,
415 2263 594 2348 multisoni,
626 2286 705 2332 mox
737 2276 774 2332 ut
806 2267 917 2354 pisces
945 2264 1098 2332 videntur
1126 2266 1250 2351 insoni3

110 2360 353 2434 cognoscentes,
377 2351 455 2452 quia
476 2362 509 2416 et
529 2371 608 2417 vera
629 2371 706 2417 caro
729 2362 787 2436 est,
817 2373 901 2439 quae
927 2352 1059 2418 tractari
1079 2350 1196 2503 potuit,
1219 2363 1252 2420 et

110 2428 201 2516 deus,
225 2436 282 2523 qui
304 2433 422 2501 clausis
443 2436 550 2501 ianuis
571 2436 714 2502 intravit
746 2435 790 2502 Et
813 2434 902 2525 quod
917 2435 1060 2502 Thomas
1102 2434 1252 2521 ubitavit,

109 2538 175 2583 nori
208 2518 275 2586 fors
305 2521 364 2588 sed
392 2519 504 2587 divina
531 2519 737 2622 dispensacio
764 2521 834 2589 fuit
886 2521 942 2589 sic
964 2522 1084 2610 itaque,
1111 2521 1168 2606 sic,
1190 2543 1251 2588 rex

109 2603 266 2689 piissime,
292 2607 456 2694 insperata
485 2606 527 2673 ob
556 2606 696 2675 militum
722 2608 923 2696 paucitatem
950 2607 1090 2673 victoria
1118 2604 1250 2675 divinae

110 2687 282 2756 consilium
304 2691 526 2780 providentiae
541 2690 612 2776 fuit,
634 2691 749 2760 volens
764 2690 955 2759 mortalibus
969 2692 1126 2777 indicare,
1152 2714 1251 2782 qnam

110 2795 205 2841 carus
228 2775 290 2844 deo
312 2788 406 2852 esset,
430 2779 486 2866 qui
508 2777 631 2845 orando
652 2787 721 2844 tam
742 2779 925 2846 inmensum
947 2799 1023 2843 cum
1044 2778 1250 2865 paucissimis

109 2859 312 2962 triumphum
334 2863 482 2951 optinere
503 2864 693 2952 promeruit.
736 2863 835 2929 Forte
857 2864 954 2947 enirn,
976 2863 1076 2928 immo
1099 2873 1194 2948 certe,
1217 2875 1251 2931 et

108 2952 145 3009 tu
167 2968 259 3032 prius
281 2945 466 3035 ignorabas,
490 2970 588 3037 qnam
611 2971 706 3015 carus
728 2948 790 3016 deo
813 2949 985 3031 existerem
1012 2948 1101 3035 quod
1121 2957 1196 3037 post
1216 2959 1250 3017 te

109 3051 307 3130 cognoscere
328 3033 415 3115 fecit,
438 3055 515 3099 cum
528 3044 620 3102 tanta
633 3034 773 3101 victoria
787 3034 968 3101 honoravit
999 3033 1111 3101 Sancti
1128 3035 1250 3102 etenim

107 3115 171 3180 viri
208 3116 288 3205 quid
323 3118 452 3185 virtutis
487 3118 637 3204 habeant,
671 3131 704 3186 et
733 3119 909 3209 quandin
937 3128 1116 3207 conspectu
1144 3118 1250 3186 divini

109 3202 270 3268 examinis
304 3204 489 3287 consistant,
526 3205 590 3270 nisi
619 3205 840 3293 probaverint,
876 3206 1043 3292 ignorant,
1081 3203 1171 3305 qnod
1205 3204 1250 3272 ad

109 3284 280 3354 Abrabam
300 3285 404 3353 filium
418 3287 587 3356 imm01are
601 3290 785 3380 cupientis·
807 3312 851 3357 ex
864 3287 973 3357 verbis
987 3287 1096 3377 angeli
1110 3289 1248 3358 dicentis

110 3369 263 3460 colligere
292 3394 480 3461 pessumum
517 3375 564 3441 ait
589 3377 689 3441 enirn:
720 3374 784 3442 ‘Ne
810 3374 966 3443 extendas
995 3396 1128 3441 manum
1157 3386 1412 3462 mammem,

111 3477 210 3546 super
230 3479 370 3560 puerum
411 3480 518 3548 neque
546 3458 649 3527 facias
677 3459 724 3527 illi
752 3462 945 3551 quicquam
979 3481 1068 3527 nunc
1096 3461 1246 3550 cognovi,

111 3541 201 3632 quod
221 3553 338 3612 timeas
358 3507 548 3628 dominum',
575 3545 612 3613 id
637 3557 688 3613 est
716 3556 749 3615 te
774 3548 884 3637 ipsum
906 3556 939 3614 et
958 3555 1107 3632 posteros
1129 3567 1249 3634 cogno

111 3649 202 3696 scere
222 3627 297 3696 feci.
340 3627 485 3697 Noverat
505 3630 593 3699 enim
614 3630 764 3699 dominus
794 3642 827 3699 et
846 3641 922 3699 ante
944 3653 1043 3720 quam
1063 3629 1169 3697 filium
1189 3632 1249 3698 im·

111 3711 233 3782 molare
254 3711 360 3798 vellet,
384 3727 507 3804 quanta
526 3715 695 3784 Abrabam
716 3715 903 3806 patriarcha
924 3726 1055 3784 sanctus
1069 3738 1152 3784 eum
1167 3717 1248 3783 caii·

110 3808 176 3866 tate
197 3797 361 3901 diligeret3
385 3801 443 3867 sed
464 3801 493 3867 is
514 3802 573 3892 qui
593 3800 760 3902 diligebat,
790 3823 889 3892 quam
916 3800 1060 3903 perfecte
1087 3800 1247 3891 diligeret,

111 3904 177 3950 iion
197 3897 299 3986 novit,
331 3884 437 3953 donec
457 3909 517 3974 per
543 3885 654 3954 dilecti
682 3885 741 3953 filii
769 3885 1023 3989 immolationem
1036 3887 1247 3988 ‘apertissime
1338 3979 1340 3983 ¹

112 3965 236 4038 clarint
280 3970 468 4038 Possumus·
481 3982 515 4041 et
542 3971 628 4038 hanc
652 3994 696 4038 ex
720 3972 810 4040 beati
828 3972 918 4039 Petri
938 3994 1154 4061 promissione
1176 3994 1247 4040 seii-
1318 4017 1321 4023 -
1439 3983 1443 3993 ‘

110 4054 244 4121 tentiam
266 4056 459 4145 approbare.
504 4055 675 4143 ‘Domine',
697 4058 811 4148 inquit,
833 4065 953 4127 ‘tecum
974 4067 1106 4147 paratus
1126 4079 1200 4124 suni
1214 4071 1248 4127 et

109 4215 134 4270 a)
150 4217 192 4268 leae
214 4220 361 4274 cupientem,
381 4225 514 4265 ommate
535 4225 612 4266 ιαίίοα
632 4225 684 4267 λοσε
704 4230 747 4267 set:
767 4222 836 4272 Quod
856 4224 968 4274 collisus
982 4233 1107 4277 possumus
1121 4235 1151 4268 οι
1166 4225 1246 4268 verbis

109 4279 190 4328 aureli
206 4279 306 4322 dicentii
322 4283 352 4323 ad
367 4283 487 4326 Abraham
502 4287 638 4336 cupientem
653 4285 729 4328 fllium
744 4284 875 4327 trimohrs.
