2932 4718
144 426 197 471 989.

204 242 240 294 or
348 241 580 298 nmnrnnnnr
598 242 863 298 rnrsronosrs.
900 243 974 297 mn.
993 243 1044 297 rv.
1083 212 1203 297 rezne.

205 411 337 481 Rodnlti
357 415 445 503 regis
466 435 523 480 cor
543 413 710 498 emollivit,
730 414 881 504 iustoque
903 415 974 504 regi
995 415 1081 481 iuste
1096 415 1182 483 iuste
1196 416 1343 505 petenti¹¹

205 499 355 567 cominus
375 497 518 568 tradidit
560 498 675 589 Neque
697 499 784 567 enim
827 520 886 566 ace
906 509 1057 589 presente
1078 498 1234 568 simultati
1250 498 1344 569 locus

205 594 284 655 eret
326 583 412 652 Nam
434 595 467 653 et
487 607 537 670 eo,
566 584 695 674 qui‘his
717 521 853 651 cmcihx

205 669 282 738 dem
313 679 518 772 properante,
550 670 627 738 facti
658 680 736 737 sunt
765 670 864 737 cmici
894 669 930 735 in
964 668 1021 736 illa
1057 671 1120 756 die,
1157 672 1214 761 qui
1273 673 1342 739 rius

204 755 328 823 inimici
349 767 442 825 erant
462 754 506 823 ed
531 756 683 823 invicem.
727 756 860 840 Quanto
883 766 994 823 autem
1019 777 1131 824 amore
1155 778 1216 824 rex
1276 759 1344 826 ein·

203 841 292 993 ripple
323 839 731 994 prpfatummminestplmabile
757 840 1081 994 pppgmdprcppperit,
1099 863 1186 994 pum
1207 844 1243 909 in
1263 865 1343 994 pon·-

204 949 245 1081 do
266 948 455 1080 dbnrtbrdshe
476 949 760 1102 aurimargbhddde
782 935 1119 1112 munentmf'vdrbh
1141 948 1345 1081 dtldlmsbd?

204 1118 320 1200 vorum
341 1099 509 1188 provincie
530 1108 623 1187 parte
643 1120 709 1165 non
730 1096 867 1163 minima
886 1097 1067 1163 honoravit.
1106 1095 1199 1164 Deus
1222 1109 1342 1184 auoem,

91 1177 113 1262 ,’
204 1203 272 1274 qur,
294 1184 519 1285 qnooquisque
540 1183 622 1273 quid
641 1184 751 1249 animo
771 1190 918 1283 peragat,
938 1183 1091 1268 intuetur,
1111 1204 1178 1249 non
1200 1187 1345 1252 muneris

205 1277 395 1358 quantitatis
436 1267 494 1335 sed
529 1266 635 1335 bonee
672 1266 848 1335 voluntatis
885 1268 1052 1359 inspector
1087 1287 1127 1332 ac
1157 1269 1344 1354 retributor,

86 1432 91 1438 .
204 1364 328 1507 ἓιιαιιω
349 1350 391 1420 ob
413 1351 607 1444 prelibatum
627 1376 697 1421 rem
717 1352 869 1421 mercede
890 1363 1021 1420 aeterno
1041 1353 1078 1418 in
1099 1352 1231 1421 morlo
1249 1355 1343 1443 pium

228 1440 375 1506 onaverit
395 1461 518 1526 regem,
538 1439 668 1507 indiciis
699 1438 896 1528 quibusdam
921 1436 985 1504 hoc
1007 1439 1106 1505 etiarn
1134 1440 1169 1505 in
1194 1447 1344 1529 tempore

122 1534 145 1562 ¹
204 1522 360 1616 prodidit,
380 1523 459 1591 dum
481 1534 595 1592 contra
615 1547 650 1592 se
672 1525 875 1612 insurgentes
897 1522 959 1590 hoc
978 1523 1165 1592 victorifero
1186 1535 1344 1615 preeunte

205 1611 302 1698 signo
324 1631 452 1711 semper
472 1608 582 1678 hostes
608 1611 724 1677 terruit
748 1619 847 1698 etque
875 1609 1013 1696 fugavit.
1061 1607 1136 1674 Hac
1162 1609 1264 1698 igitur
1290 1633 1344 1679 oc·

172 1746 174 1750 -
207 1697 347 1778 cesione,
376 1716 476 1761 rmmo
506 1693 559 1762 dci
586 1693 761 1776 voluntate,
795 1704 942 1760 sanctem
972 1716 1033 1760 rex
1058 1695 1232 1762 Heinricus
1258 1718 1343 1764 rom-

206 1780 325 1869 pheam
347 1778 485 1868 adeptus
506 1793 570 1866 est3
593 1803 692 1869 quem
713 1778 780 1847 filio
803 1801 873 1864 suo,
896 1777 938 1846 de
961 1780 1050 1868 quob
1072 1781 1343 1869 inpresentiarum

93 1864 301 1932 narrentis
334 1887 439 1932 sermo
472 1877 531 1967 eet,
568 1865 728 1934 decedens
761 1886 836 1930 cnm
869 1887 969 1952 regno
1002 1865 1114 1932 simul*
1147 1865 1342 1933 hereditario

206 1949 389 2050 dereliquit.
448 1949 514 2033 Qut
556 1962 679 2039 quanta
720 1950 842 2017 donum
878 1949 1095 2018 inestimabile
1135 1951 1343 2018 veneratione

206 2033 352 2118 coluerit,
372 2037 509 2102 victoria
529 2059 596 2104 non
617 2035 723 2104 solum
752 2036 876 2103 indicat
926 2056 1048 2121 resens,
1077 2057 1193 2102 verum
1218 2036 1344 2103 divino·

204 2142 287 2203 rum,
308 2129 346 2186 ut
366 2121 526 2210 promturi
548 2145 670 2207 sumus,
692 2119 884 2189 admirande
935 2122 1033 2208 rgitio
1055 2142 1237 2188 munerum.
1280 2120 1344 2189 His

204 2208 315 2295 itaque
347 2206 537 2296 perterritis,
555 2217 652 2297 atque
680 2207 812 2296 fugatis,
844 2227 906 2272 rex
933 2205 1039 2291 rediit,
1065 2227 1133 2272 non
1153 2217 1281 2273 tantum
1302 2206 1344 2274 de

204 2292 343 2359 victoria
363 2288 476 2376 laetus,
498 2304 656 2381 quantum
677 2292 719 2360 de
740 2291 853 2371 divina
872 2292 1080 2360 miseratione
1097 2291 1300 2443 mapnihcus.

138 2381 196 2436 (η’)
291 2378 344 2446 26.
365 2377 464 2446 Libet
483 2387 594 2445 eutem
614 2376 784 2468 paululum
812 2377 990 2460 immorari,
1018 2384 1052 2443 et
1078 2398 1143 2465 quo
1193 2399 1261 2444 non
1280 2377 1344 2444 for·

205 2463 292 2539 tuitu
313 2461 372 2530 sed
393 2461 455 2531 deo
476 2462 667 2552 disponente
689 2463 750 2530 hec
770 2464 817 2529 ita
837 2461 1024 2546 acciderint,
1045 2484 1207 2530 enarrare.
1243 2461 1343 2546 Quod

205 2546 280 2615 lnce
300 2547 396 2615 nobis
419 2547 537 2615 clarius
559 2546 720 2617 constabit
728 2560 751 2625 ⁰,
782 2549 811 2613 si
831 2545 957 2614 domini
982 2559 1016 2614 et
1042 2546 1211 2615 salvatoris
1239 2548 1343 2616 noetri

205 2631 283 2700 Iesu
306 2633 428 2701 Christi
449 2633 695 2722 apparitionem,
724 2654 809 2723 quae
839 2641 915 2720 post
938 2632 1208 2700 resurrectionem
1229 2632 1344 2702 mulie-

206 2717 297 2785 ribus
318 2740 358 2785 ac
380 2719 548 2807 discipulis
569 2719 655 2786 facte
676 2729 735 2803 est,
756 2719 791 2784 in
813 2716 957 2784 medinm
979 2716 1193 2807 proferamus
1223 2717 1342 2786 Fidem

90 2825 142 2867 reu
159 2825 196 2878 re,
206 2803 305 2885 Petri,
335 2802 542 2872 dilectionem
569 2804 723 2871 Iohannis
752 2824 852 2891 snpra
879 2811 993 2890 pectus
1020 2803 1168 2892 magistri
1196 2803 1232 2870 in
1261 2825 1343 2872 cena

71 2892 73 2895 '
100 2886 135 2928 28.
152 2885 188 2927 25.

80 4069 137 4113 Luc.
155 4070 183 4112 1⁸

93 4097 191 4172 er-erf

205 2889 435 2972 recumbentis,
468 2889 610 2956 Thomas
644 2889 778 2957 firmiter
809 2897 954 2972 noverat,
987 2909 1043 2954 eos
1076 2886 1120 2953 ad
1153 2887 1341 2976 sepulcrum

206 2974 398 3056 cucurrisse,
433 2974 597 3063 nichilque
629 2986 738 3063 preter
768 2973 955 3040 linteamina
986 2973 1148 3040 invenisse
1183 2973 1342 3060 audierat,

203 3057 511 3212 ilhliu‘lih‘d
529 3059 1342 3214 3⁸³⁰ttntffittttt⁰ttttt⁰nttttt

203 3167 424 3330 infirmidthm
446 3168 664 3316 considegldns,
697 3193 988 3380 mulieribusdin’op
1020 3228 1182 3380 oredpdbet
1238 3229 1340 3317 Cedo,

203 3336 361 3466 iffi
379 3315 648 3489 {diffinit
672 3315 888 3490 {bilibit
915 3313 1341 3490 siihuhippmililuii

203 3486 392 3573 scriptumne,
415 3508 499 3574 quae
522 3486 564 3554 de
586 3509 620 3554 se
643 3486 948 3576 erant,appen1it⁶,
975 3486 1076 3551 immo
1105 3486 1203 3552 etiam
1224 3508 1340 3554 secum

203 3569 283 3637 dum
305 3582 495 3639 consuetum
528 3594 652 3640 morem
677 3593 797 3659 panem
825 3570 1003 3652 benedixit,
1031 3569 1139 3660 fregit,
1170 3592 1210 3637 ao
1239 3570 1339 3656 dedit,

202 3677 268 3722 non
301 3655 423 3740 credis3
461 3656 612 3724 omnibus
647 3668 757 3724 tamen
793 3653 1037 3744 condiscipulis,
1075 3657 1195 3744 quihus
1231 3657 1339 3725 ianuis

202 3739 322 3842 clausis
344 3743 505 3844 apparuit,
528 3743 608 3832 quid
629 3742 730 3809 iidem
751 3764 818 3844 non
839 3739 993 3809 adhibere
1012 3740 1203 3808 contendis?
1223 3740 1339 3808 Memi-

201 3836 329 3911 mstme,
362 3849 506 3915 mquam,
539 3828 679 3895 eundem
712 3827 879 3894 dommum
912 3837 945 3893 et
976 3839 1201 3916 preceptorem
1231 3837 1338 3912 tuum,

202 3913 255 3979 cui
290 3925 322 3980 te
359 3915 625 3980 commoriturum
660 3912 888 4002 promittebas,
925 3924 999 3979 ante
1057 3913 1220 3978 astionem
1256 3912 1338 3980 haec

203 3998 311 4064 omnia
331 3998 534 4087 predixisset
555 3999 613 4065 Ait
632 4021 788 4087 namque:
817 3997 917 4065 ‘Ecce
938 4018 1035 4064 ascen
1061 3999 1069 4014 '
1105 4020 1144 4064 us
1166 3994 1339 4066 lherosoli-

201 4104 299 4166 mam,
336 4095 369 4150 et
400 4084 713 4152 consummabuntur
746 4087 865 4168 omnia,
897 4105 982 4172 quae
1015 4085 1138 4172 scripto
1171 4092 1247 4150 sunt
1278 4105 1339 4173 per

202 4249 225 4303 a)
239 4251 372 4301 petententt
385 4252 405 4292 l.
452 4249 476 4303 b)
489 4263 531 4293 sno
547 4253 609 4294 nude
626 4253 657 4304 (5.
675 4250 722 4304 ta.)
739 4249 776 4293 δι’
798 4250 847 4291 We
862 4249 885 4293 S.
897 4249 992 4291 Gnardr'
1007 4248 1137 4290 Broatsnete
1152 4260 1169 4292 c.
1182 4248 1217 4291 18.
1259 4246 1281 4302 c)
1293 4257 1338 4291 eoa

201 4311 317 4352 constshtt
333 4313 356 4353 1.
371 4310 458 4352 duobus
472 4312 542 4355 tincto.
605 4311 627 4365 t)
643 4314 660 4353 t.
677 4323 695 4358 ι.
712 4311 812 4364 aperuit.
1224 4308 1227 4314 '

853 606 893 650 ns
916 607 951 652 es
1005 584 1152 652 ePilatc
1173 584 1218 652 ad
1238 584 1343 654 Hero·
1459 662 1462 668 ,
