2932 4718
234 218 283 289 eo¹
373 217 606 272 ammomum
625 217 891 274 surmooosrs.
927 219 1001 272 am.
1021 219 1075 273 111.
1115 186 1235 273 ra-ri

172 388 379 478 aaaHngoni,
407 389 633 476 potentissimo
654 398 687 456 et
707 389 944 478 sapientissimo
965 388 1220 457 Provincialinm
1248 393 1372 477 comiti,

232 473 376 560 mandat,
408 483 446 540 nt
476 475 512 540 in
541 473 671 542 Italiam
702 476 813 543 veniat
843 497 1048 567 regnumque
1076 475 1218 543 Rodullo
1246 477 1374 546 auferat

233 561 362 663 sibique
393 570 543 648 potenter
575 560 729 628 obtineat
783 559 866 628 Erat
897 561 984 628 enim
1019 561 1117 651 longo
1150 585 1194 630 ex
1225 573 1372 650 tempore

167 662 184 706 r.
199 672 220 706 a
232 644 342 713 multis
482 646 566 713 entis
586 655 621 713 et
639 647 711 749 ipse
732 644 943 736 periclitam,
965 647 994 713 si
1007 647 1091 716 forte
1104 670 1244 736 regnum
1260 658 1374 737 posset

94 725 222 776 ΜΡΝ*
233 732 378 800 obtinere
425 729 571 798 talioum.
613 730 684 830 Hic⁸
710 732 797 799 enim
830 743 863 798 et
891 731 1083 821 Berengmii
1113 733 1181 800 iam
1212 734 1377 802 nominati

232 819 321 906 regis
352 826 500 906 tempore
529 839 607 884 cum
635 815 768 893 multis¹
798 818 835 884 in
861 816 992 885 Italiam
1019 829 1169 903 venunt,
1204 817 1264 886 sed
1292 819 1373 922 quia

231 901 390 1077 repnatrpdi
410 913 557 1077 tpunppunp8
563 904 595 970 ei
615 903 762 970 nondum
783 901 970 994 advenerat,
991 925 1013 969 a
1026 902 1225 993 Borengario
1239 914 1371 972 temtus

228 1012 268 1056 es
305 1010 325 1055 a
361 1010 404 1055 ue
482 1009 504 1054 a
559 1034 568 1053 .

169 1098 221 1202 έξζ
319 1109 370 1178 13.
413 1109 575 1194 Rodnlfns
596 1110 737 1199 deniqne
766 1131 842 1176 curn
870 1109 1061 1181 infidelitate
1088 1130 1224 1178 suornm
1252 1134 1371 1201 preno-

232 1196 372 1264 minatos
404 1195 607 1263 &romarios
640 1217 794 1285 superare
825 1216 892 1263 non
922 1206 1045 1286 posset,
1074 1196 1109 1262 in
1141 1194 1372 1283 Burgundism

125 1312 127 1315 ·
231 1281 407 1384 profectus,
429 1280 621 1348 Brochardo
644 1280 828 1383 Suevorum
848 1280 937 1384 duci,
965 1282 1059 1384 onius
1088 1279 1152 1347 sibi
1173 1279 1274 1383 liliam
1296 1303 1372 1386 con:

229 1475 361 1689 {detinet22
379 1474 536 1690 lclpxlrlquet
545 1537 745 1626 Eporegiam
761 1539 995 1626 pervenissent,
1016 1535 1196 1604 Rodulfum
1209 1536 1298 1604 Brnc
1358 1578 1371 1592 -

253 1647 325 1690 usi
422 1645 549 1691 nvem:

316 1727 367 1793 14.
412 1725 497 1815 ‘Ipse
519 1748 582 1813 ego
605 1737 641 1793 ut
669 1724 841 1827 legationis
867 1726 1004 1794 obtentu
1031 1725 1266 1794 Mediolanium
1318 1747 1381 1794 ro-

230 1810 368 1897 licisoar,
390 1833 457 1877 non
478 1808 658 1878 absurdum
678 1810 817 1878 videtur.
860 1812 935 1878 Hac
958 1813 1044 1880 enim
1067 1813 1238 1878 occasione
1252 1834 1294 1880 ur
1335 1835 1370 1878 m

230 1895 418 1984 explorare,
462 1908 562 1985 atque
602 1918 731 1980 eorum„
751 1907 864 1985 potero
902 1919 1114 1999 cognosscere
1150 1895 1370 1966 voluntatam'.

229 1981 399 2049 Profectus
422 1981 574 2084 deniqne,
597 2003 674 2047 cum
694 1983 761 2049 iam
775 1980 1009 2050 Mediolamum
1030 1983 1242 2072 pervenisset,
1264 1985 1370 2071 prins·

253 2089 330 2133 uam
358 2067 474 2135 urbem
509 2067 742 2156 ingrederetur,
775 2067 818 2135 od
849 2067 938 2135 beuti
973 2089 1012 2134 ac
1041 2068 1182 2156 preciosi
1214 2071 1369 2158 martyris

228 2089 398 2219 laurentii
421 2151 593 2220 ecclesiam
615 2153 768 2219 orationis
782 2155 888 2242 gratia
908 2152 1094 2238 declinavit;
1116 2152 1185 2238 sed,
1207 2164 1245 2220 ut
1266 2155 1369 2240 aium,

229 2260 297 2304 non
325 2246 453 2305 tantum
481 2238 653 2326 peticionis
683 2258 793 2322 cansa,
827 2247 986 2328 qnantum
1015 2236 1146 2305 alterius
1175 2239 1224 2306 rei
1252 2242 1370 2326 gratia.

230 2324 356 2391 Dicunt
378 2323 475 2407 enim,
498 2314 577 2413 quia
592 2343 700 2424 prope
722 2325 886 2391 civitatem
917 2336 967 2391 est
987 2322 1135 2407 ecclesia,
1163 2324 1246 2390 miro
1268 2335 1369 2415 atque

229 2411 377 2497 precioso
399 2430 497 2497 opere
518 2408 685 2489 fabricata,
708 2432 784 2475 eum
805 2409 929 2476 ibidem
944 2410 1157 2476 munitionem
1172 2411 1370 2479 constituere

228 2492 321 2579 velle,
349 2516 415 2583 qua
442 2516 508 2560 non
544 2492 650 2561 solum
675 2492 935 2561 Mediolanenses
964 2494 1022 2560 sed
1049 2506 1082 2562 et
1112 2492 1224 2582 plnres
1254 2494 1369 2564 Italiae

228 2580 393 2681 principes
432 2579 604 2648 cohercere
641 2577 848 2646 decrevisset.
900 2578 982 2646 Inde
1017 2601 1094 2646 vero
1130 2581 1253 2664 exiam,
1291 2602 1368 2648 omn
1403 2581 1406 2586 ’

228 2675 323 2732 iuxta
355 2687 486 2731 murum
519 2665 660 2731 civitatis
695 2666 865 2754 equitaret,
900 2663 1014 2816 [Ἔα
1048 2665 1191 2753 propria,
1227 2663 1290 2732 hoo
1318 2677 1368 2734 est

229 2749 419 2834 Teutonico,
448 2770 526 2816 suos
554 2751 601 2816 ita
629 2751 797 2817 convenit:
832 2748 920 2816 ‘Sil
967 2749 1073 2816 ‘enses
1095 2771 1207 2817 omnes
1229 2771 1295 2816 uno
1318 2753 1368 2818 nti

117 2848 156 2904 'n
166 2834 453 2902 soatantnmmodo
469 2833 598 2919 calcari,
608 2835 762 2902 informes
786 2837 843 2902 ue*
853 2857 920 2901 non
933 2835 1040 2902 fecero
1052 2833 1244 2903 caballicare
1254 2858 1367 2925 equas,

228 2943 294 2986 non
317 2943 390 2987 sum
412 2920 636 3004 Bruohardus3
657 2859 880 2988 fortitudinem
901 2919 1064 3010 siquidem
1085 2921 1171 2986 muri
1189 2919 1286 2987 huius
1307 2944 1368 2990 seu

228 3005 442 3090 altitudinem,
476 3028 541 3096 qua
570 3029 605 3073 se
634 3007 754 3072 muniri
781 3005 958 3090 confidunt,
984 3003 1097 3072 nichili
1125 3006 1250 3093 pendo,
1277 3008 1366 3074 iactu

250 3094 350 3180 nippe
361 3090 493 3158 lanceae
504 3114 596 3159 meae
607 3090 810 3158 adversarios
827 3090 868 3158 de
882 3113 976 3157 muro
987 3100 1132 3156 mortuos
1167 3091 1366 3180 recipitabo’.

141 3226 147 3241 .
261 3198 320 3244 aec
346 3188 456 3244 autem
477 3198 515 3244 eo
549 3177 688 3261 dicebat,
723 3177 877 3267 quoniam
909 3177 1073 3244 neminem
1105 3178 1367 3243 aversariornm

227 3283 306 3328 suae
326 3262 374 3329 ibi
394 3261 526 3350 linguae
555 3285 695 3351 gnarum
722 3285 793 3329 esse
822 3261 969 3350 putabat
1012 3262 1138 3327 Verum
1167 3284 1227 3328 suo
1257 3265 1366 3330 omine

226 3369 293 3413 non
306 3346 393 3415 bono
424 3347 558 3436 quidam
579 3348 652 3414 istic
674 3348 796 3431 aderat,
825 3368 1024 3437 quamquam
1045 3368 1212 3435 pannosus
1234 3346 1367 3435 despec-

226 3443 289 3516 tus,
311 3433 381 3499 eius
402 3443 512 3500 tamen
535 3432 567 3498 lo
590 3432 683 3500 uelae
705 3434 801 3517 seius,
825 3432 882 3521 qni
897 3431 1013 3499 horum
1028 3434 1174 3498 omnium
1188 3432 1366 3521 Lamperto

226 3516 439 3606 archipresuli
465 3517 551 3586 celer
569 3456 681 3585 laeuis
703 3528 753 3586 est
779 3520 923 3584 nuntium.
986 3518 1052 3601 Qui
1074 3529 1111 3585 ut
1138 3529 1208 3585 erat
1233 3519 1365 3605 ingenio

226 3602 355 3685 callens,
386 3603 613 3671 Bruchardum
646 3625 712 3670 non
745 3603 905 3692 despexit,
945 3602 1002 3668 sed
1029 3602 1115 3668 malo
1148 3605 1256 3669 animo
1288 3625 1365 3671 eum

226 3690 418 3776 suscipiens,
451 3687 643 3757 mirabiliter
674 3689 862 3773 honoravit3
899 3687 957 3755 sed
990 3699 1023 3756 et
1054 3689 1139 3755 inter
1168 3698 1276 3755 cetera
1301 3688 1365 3755 hoo

226 3776 319 3863 quasi
341 3775 371 3842 ei
393 3773 565 3863 privilegio
587 3776 707 3842 amoris
730 3775 900 3858 concessit,
922 3795 1054 3840 cervum
1073 3774 1225 3863 quatinus
1247 3795 1307 3840 sno
1328 3775 1365 3841 in

224 3858 327 3927 brolio
372 3871 575 3944 veneratum,
621 3860 710 3949 quod
752 3859 831 3927 nulli
874 3881 1030 3948 umquam
1073 3858 1137 3925 nisi
1178 3859 1362 3926 karissimis

223 4042 247 4098 a)
263 4052 419 4089 nencmratnr
435 4049 456 4090 1.

114 4227 115 4236 κ
226 4198 255 4260 1)
275 4199 342 4253 cnm
363 4202 471 4253 Bosone
491 4216 620 4267 germano
641 4199 772 4253 etaltera
792 4200 911 4268 Hugoue
930 4200 1078 4252 Taliaierni
1097 4196 1136 4266 (l)
1156 4199 1221 4263 filio,
1241 4201 1276 4254 cf.
1291 4199 1362 4254 Con·

223 4277 334 4328 stantin.
355 4275 388 4327 de
409 4274 480 4329 adm.
500 4278 564 4344 imp.
586 4291 609 4327 c.
631 4275 675 4338 26,
694 4292 720 4344 p.
743 4274 806 4328 116.
882 4274 911 4341 2)
932 4274 974 4327 cf,
995 4290 1077 4343 supra
1096 4273 1125 4326 11
1146 4291 1169 4327 o.
1191 4275 1235 4326 60.
