2932 4718
390 230 624 289 LIUDPRANDI
643 235 818 293 cacano.
856 237 976 290 at-at.
1206 239 1257 292 1⁶1

117 402 244 469 sitionis
267 403 412 472 eiusdem
435 428 534 474 causa
562 405 706 489 substiti3
734 428 822 474 nunc
845 408 872 473 si
894 417 927 474 te
950 415 1098 474 sanctum
1120 407 1259 496 impera·
1271 432 1323 477 aas.

115 497 221 555 torem
256 489 384 556 visenffi
421 490 619 559 desiderium
651 489 785 576 obtinet,
818 502 850 559 et
882 493 910 557 si
943 491 1133 592 quidquam,
1192 492 1259 560 uod

114 572 258 640 necdum
290 573 490 662 prodideris,
523 575 624 645 habes
677 574 839 643 edissere’.
895 575 959 644 Ou1
990 578 1141 666 inquam:
1179 585 1187 620 ‘
1220 599 1258 646 ec

116 668 267 724 sanctum
280 659 509 748 imperatorem
524 660 625 728 viden
649 661 656 676 ’
690 682 752 728 nec
767 662 815 728 rei
828 681 935 728 novae
956 661 1138 728 narrandae
1152 660 1258 731 habeo

116 763 266 827 causam3
296 766 399 810 amum
420 744 484 813 hoc
508 756 595 847 peto,
625 743 805 812 secundum
832 748 938 813 sancti
965 746 1094 835 imperii
1122 749 1260 836 promis·

117 828 253 912 sionem,
264 837 301 894 ut
316 829 492 898 chelandiis
506 853 541 896 sn
553 829 820 898 Anchonitanum
833 841 965 921 portum
979 853 1084 920 usque
1099 829 1259 900 deducat.

74 938 79 947 ·
117 912 193 995 Quo
222 915 334 981 audito
367 955 410 966 -
442 927 478 982 ut
503 926 580 983 sunt
601 914 722 983 Graeci
749 939 809 1005 per
838 927 937 1005 caput
968 914 1100 984 ulterius
1130 939 1261 1008 semper

110 999 226 1064 -iurare
247 1001 373 1087 parati¹
401 1040 445 1052 -
473 1023 533 1090 per
559 1001 605 1066 im
630 1002 805 1069 aratorium
835 1011 945 1090 caput,
999 1022 1035 1067 er
1061 1001 1164 1068 vitam
1186 1024 1260 1090 pro·

115 1084 233 1173 priam,
255 1106 315 1172 per
335 1083 463 1171 liberos,
487 1108 570 1176 quos
615 1108 672 1153 eus
693 1088 749 1171 ita,
771 1095 808 1153 ut
828 1108 944 1154 verum
988 1087 995 1102 '
1024 1087 1057 1173 't,
1080 1097 1260 1172 conservet,

117 1192 152 1236 se
188 1168 222 1236 id
259 1191 333 1247 com
356 1169 506 1255 letarum,
542 1173 650 1238 iurare
686 1172 804 1272 coepit
849 1170 913 1240 Oui
946 1192 1037 1239 cum:
1074 1170 1260 1255 ‘Quando‘i’

117 1253 275 1338 dicerem,
305 1261 314 1296 ‘
352 1277 396 1322 ox
424 1255 631 1340 discedente’,
663 1257 787 1347 inquit,
821 1257 1042 1346 ‘imperatore3
1075 1254 1150 1325 delo
1235 1258 1260 1325 's

117 1339 214 1423 enim,
237 1337 299 1405 sub
323 1341 419 1407 cuius
437 1364 538 1408 manu
558 1342 692 1408 navium
714 1354 764 1409 est
785 1343 890 1408 omnis
911 1352 1066 1432 potestas,
1088 1279 1260 1410 reeenddnie

117 1435 231 1490 sancto
263 1425 468 1513 imperatore,
502 1447 616 1494 curam
647 1427 696 1493 tui
728 1429 822 1515 aget’.
871 1426 945 1494 Hac
975 1448 1034 1515 spe
1062 1426 1260 1512 ludificatus,

116 1507 222 1576 laetus
244 1511 287 1577 ab
309 1531 348 1576 eo
370 1511 501 1577 recessi.

204 1595 256 1660 36.
278 1593 359 1661 Post
379 1610 569 1683 sequentem
584 1617 661 1663 vero
677 1593 775 1679 diem,
798 1593 957 1662 sabbatho
974 1595 1106 1680 scilicet,
1129 1597 1164 1662 in
1179 1597 1259 1664 Um·
1269 1624 1316 1668 rer.
1333 1623 1369 1668 aa

118 1677 234 1762 briam,
258 1679 315 1768 qui
337 1690 386 1746 est
413 1679 505 1746 locus
534 1678 647 1747 decem
675 1690 708 1747 et
730 1691 804 1746 octo
826 1678 1008 1748 miliaribus
1032 1679 1259 1749 Constantino·

119 1762 357 1917 iiiam
396 1764 687 1917 dissihidimm
719 1766 874 1918 ‘iffi
894 1765 1167 1919 11ἒὲἔὲηὲὤῶ
1199 1768 1261 1920 ‘id

118 1933 184 2001 huc
204 1936 343 2017 venisse,
366 1873 403 2001 dlt
430 1934 592 2003 comiato
621 1873 808 2001 offido
834 1934 1002 2004 voluntate
1030 1958 1114 2020 mea,
1144 1874 1259 2026 pgemrpe-

118 2028 209 2086 tuam
241 2021 326 2106 iuter
357 2042 410 2086 me
441 2031 474 2086 et
504 1957 674 2086 dominum
706 2031 801 2086 tuum
829 2022 1043 2088 constitueres
1071 2023 1261 2090 amicitiam·

118 2104 166 2170 Et
194 2106 347 2193 quoniam
376 2104 419 2171 ob
446 2104 554 2171 cordis
581 2106 630 2171 tui
658 2103 809 2172 duritiem
836 2103 871 2171 id
899 2105 1006 2173 facere
1035 2105 1127 2192 nolis,
1159 2129 1263 2174 unum

119 2187 245 2275 saltem,
268 2189 354 2280 quod
375 2188 481 2257 facere
503 2191 589 2256 iusta
609 2191 735 2258 ratione
749 2191 865 2278 possis,
888 2189 1022 2273 efficit03
1046 2191 1190 2259 scilicet·
1206 2191 1262 2259 do

119 2276 247 2341 minum
275 2285 369 2341 tuum
401 2273 603 2365 principibus
636 2273 795 2365 Capuano
825 2285 858 2341 et
884 2274 1125 2360 Beneventano,
1160 2277 1262 2344 servis
1353 2311 1358 2320 ·

118 2361 212 2446 meis,
235 2382 317 2448 quos
339 2382 381 2448 op
407 2381 531 2449 ugnare
552 2360 700 2448 dispono,
722 2357 847 2427 nullum
868 2359 1044 2426 auxilium*
1059 2360 1263 2429 collatmum.

122 2444 192 2512 Sua
212 2446 270 2534 qui
291 2465 358 2510 non
428 2449 526 2534 gitur,
548 2454 660 2512 nostra
681 2444 795 2527 saltem
811 2443 962 2512 dimittat.
1006 2444 1113 2514 Nota⁶
1135 2469 1187 2514 res
1203 2458 1263 2532 est,

121 2530 212 2618 quod
234 2552 347 2597 eorum
369 2540 478 2618 patres
500 2540 533 2596 et
558 2531 612 2596 avi
639 2541 751 2597 nostro
776 2530 914 2618 imperio
940 2529 1063 2598 tributa
1089 2529 1264 2616 dederunt3

119 2624 174 2767 path
182 2615 217 2680 id
233 2616 327 2766 bistos
349 2613 442 2682 brevi
464 2627 611 2703 tempore
632 2614 785 2699 facturos,
812 2616 941 2703 imperii
969 2617 1073 2683 nostri
1101 2618 1263 2685 exercitus

177 2720 234 2766 ora
258 2702 292 2765 it.

210 2784 274 2852 Oui
302 2785 336 2849 in
360 2807 453 2850 uam:
483 2785 661 2873 ‘Principes
689 2785 744 2852 isti
769 2786 917 2874 apprime
938 2783 1065 2853 nobiles
1087 2794 1119 2853 et
1140 2784 1264 2852 domini
1325 2792 1327 2795 ’

122 2870 188 2935 mei
210 2880 286 2937 sunt
307 2807 436 2954 mdites,
460 2871 517 2959 qui
539 2871 567 2936 si
588 2871 741 2937 *senserit
761 2871 942 2937 exercitum
969 2880 1063 2937 tuum
1086 2892 1185 2959 super
1207 2891 1375 2956 eosquos.

121 2955 256 3038 irruere,
279 2955 325 3020 eis
348 2956 460 3043 copias
482 2957 597 3038 mittet,
620 2956 815 3044 quibuscum
843 2965 918 3021 tuos
941 2966 1116 3038 conterere,
1145 2965 1178 3022 et
1199 2957 1265 3022 duo

121 3037 179 3104 illa
199 3039 351 3123 themata,
375 3062 458 3129 quae
473 3039 558 3105 ultra
572 3062 662 3106 mare
683 3038 795 3123 habes,
817 3040 877 3106 tibi
891 3038 1106 3128 prevalebunt
1119 3039 1265 3108 auiene'.

123 3123 220 3190 Tunc
242 3123 372 3191 bufonis
393 3125 428 3190 in
449 3124 584 3191 modurn
606 3125 802 3192 tumefactus
825 3133 857 3191 et
871 3134 1071 3190 commotus:
1092 3123 1266 3209 ‘Discede',

122 3209 239 3298 inquit,
262 3210 337 3277 ‘Per
358 3232 420 3293 me,
440 3232 501 3297 per
521 3211 577 3298 qui
600 3232 653 3276 me
674 3209 930 3298 ,talemgenuere
967 3217 1094 3277 arentes
1103 3220 1126 3293 ²,
1148 3209 1267 3277 faciam

122 3305 161 3361 ut
168 3292 416 3360 aiiuddominus
425 3306 512 3379 tuus,
521 3317 622 3383 quam
630 3294 810 3362 desertores
818 3315 928 3362 servos
936 3231 1120 3378 defendere,
1129 3292 1269 3381 cogitet’.
1290 3385 1293 3387 Α

211 3399 263 3465 37.
309 3396 461 3487 Cumque
483 3398 617 3483 abirem,
639 3399 735 3464 iussit
749 3399 816 3465 inte
856 3397 927 3481 reti,
950 3419 1003 3463 me
1018 3396 1080 3464 sibi
1097 3397 1268 3465 convivam

124 3481 211 3567 fieri,
232 3484 410 3572 accitisque
432 3480 609 3550 eorundem
631 3484 820 3572 principum.
887 3492 957 3548 tre·
980 3490 1014 3548 et
1033 3480 1063 3548 B
1088 3483 1192 3550 santio
1206 3481 1270 3549 Ba·

125 3567 257 3652 risiano,
277 3589 420 3656 magnas
448 3569 483 3634 in
512 3590 573 3635 vos
601 3578 797 3670 gentemque
824 3565 975 3632 Latinam
1002 3575 1035 3633 et
1055 3504 1268 3634 deutonicmn

125 3651 339 3720 contumelias
366 3673 517 3721 evomere
543 3654 646 3720 insert.
704 3653 829 3720 Verum
856 3672 932 3717 cum
960 3673 982 3717 a
1011 3651 1142 3718 sordida
1167 3673 1269 3720 coena

124 3739 197 3828 ipse
219 3736 430 3821 discederem,
462 3738 585 3805 nuntiis
606 3738 805 3827 interpositis
828 3734 912 3804 clam
930 3735 1011 3802 mihi
1031 3735 1270 3804 mandaverunt

124 3901 150 3955 ι)
166 3904 290 3955 „aaran
305 3886 379 3955 asez.
396 3902 493 3947 ema.
553 3864 893 3956 incuruiceruicum
909 3900 1003 3946 asar.
1065 3899 1087 3955 e>
1101 3901 1171 3944 ree·
1186 3901 1209 3946 o.

130 4035 275 4104 1)1uven.
297 4037 353 4091 Sat
374 4036 422 4102 Vl,
444 4037 488 4089 it.
510 4035 559 4087 1⁸1:
586 4035 707 4089 nondam
726 4035 841 4090 Graecis
865 4037 955 4088 iurare
976 4036 1081 4105 paratis
1097 4033 1103 4104 1
1119 4052 1168 4104 per
1188 4040 1271 4105 capnt

128 4110 250 4166 alterius.
308 4109 339 4180 2)
359 4112 442 4179 Verg.
460 4112 530 4164 Aen.
549 4110 585 4176 X,
605 4109 672 4163 etv.
730 4107 760 4179 3)
774 4109 903 4164 chronic.
922 4108 1050 4164 Salernit.
1072 4125 1096 4163 c.
1117 4110 1187 4162 lta:
1208 4125 1271 4178 ger·

113 4183 224 4238 'manus
244 4185 363 4238 Paldnlfi
381 4185 511 4239 Romnalt
528 4185 599 4238 inter
618 4184 739 4239 Graecos
759 4200 776 4237 a
794 4185 912 4254 pueritia
930 4183 1020 4236 inerat
1038 4190 1067 4237 et
1084 4185 1137 4237 iam
1158 4185 1269 4237 minime
1320 4117 1337 4332 ἱ

128 4260 218 4330 patria
237 4276 287 4314 sua
305 4261 438 4331 repedare
457 4259 588 4313 volebant
605 4265 716 4330 propter
734 4275 812 4313 suam
831 4256 996 4328 superbiam.
