2932 4718
324 211 557 267 Lmnrasum
576 209 845 266 maronosls.
882 209 956 265 LIB.
976 209 1016 264 11.
1204 209 1240 262 26

242 381 476 452 INOH'IUNT
499 379 725 450 OAPITULA
747 380 869 448 LIBRI
891 379 1101 449 SECUNDI.

167 549 194 610 1.
228 543 281 610 De
303 562 342 610 eo
364 540 460 642 q¹¹.⁰d.
473 553 549 630 post
570 553 707 609 mortem
723 539 851 607 Arnnlfi
865 537 1048 607 Hlodoious
1069 539 1240 608 filiuseius

228 651 288 696 rex
310 638 525 695 constituitur.
863 686 866 690 .

164 715 196 781 2.
229 712 393 802 Hungarii
414 710 528 779 audita
548 733 627 778 neae
648 709 776 778 Amulii
798 710 995 797 Bagoariam
1041 721 1141 779 etunt

165 800 196 868 3.
229 796 434 866 Hnlodoieus
457 794 576 865 bellurn
598 796 776 884 Hungariis
821 807 892 862 arat
912 797 1004 863 iuxta
1074 818 1240 864 mannum.

164 887 196 952 4.
230 882 393 971 Hungarii
439 883 530 950 ositis
552 880 680 948 insidiis
701 819 879 949 Hulodoiei
900 880 1018 948 milites
1039 883 1183 949 vincunt

165 971 196 1037 ὃ.
229 968 259 1035 F
307 971 373 1035 'ens
437 966 623 1051 ulodoieus3
652 965 686 1033 H
756 968 817 1033 arii
844 966 1045 1033 Francorum
1072 968 1240 1036 Saxonum

231 1065 264 1120 et
313 1075 467 1122 aevorum
489 1065 609 1120 terram
631 1052 731 1142 depre
754 1065 859 1120 antur.

163 1139 193 1207 6.
227 1139 280 1206 De
302 1136 475 1207 rebellione
494 1135 663 1206 Adelberti
685 1139 823 1220 comitis,
846 1147 878 1204 et
901 1136 1039 1226 qualiter
1060 1138 1241 1227 decipiente
1326 1209 1331 1218 ,

229 1224 371 1293 Hattone
393 1223 639 1312 archiepiscopo
662 1225 704 1290 sit
725 1222 913 1290 decollatus.
1327 1223 1337 1232 “

164 1311 193 1376 1.
228 1309 461 1399 Exploratores
483 1310 623 1397 regressi
646 1307 733 1397 quod
756 1306 927 1375 eonsilium
949 1307 1106 1376 dederint

164 1395 194 1462 8.
230 1395 339 1479 Quare
354 1394 517 1482 Hungarii
537 1394 641 1461 territi
663 1394 705 1461 ab
718 1393 832 1460 Italiae
854 1396 1003 1482 ingressu
1025 1393 1089 1459 sint
1106 1396 1239 1462 reversi.

164 1479 194 1546 9.
231 1478 377 1580 Qualiter
398 1479 561 1581 Hungan‘i
582 1489 732 1568 reparato
754 1480 901 1547 exercitu
921 1480 1070 1547 venerint
1090 1492 1122 1547 et
1135 1478 1241 1548 Italici

230 1587 276 1633 ers
299 1577 506 1632 occurrennl.

144 1652 194 1719 10.
230 1649 297 1718 Our
327 1673 388 1717 rex
420 1650 504 1717 Bere
550 1650 638 1716 arius
667 1649 709 1717 ad
738 1648 858 1716 bellum
892 1671 958 1716 non
990 1650 1072 1731 ierit,
1101 1648 1153 1718 vel
1183 1671 1265 1718 our-

228 1735 379 1823 Hungari
399 1733 500 1802 Italos
556 1736 672 1823 gerint

143 1824 194 1888 11.
227 1821 403 1922 Fugientes
424 1821 547 1910 pagani
569 1820 752 1888 christianis
773 1842 888 1909 pacem
910 1831 1033 1908 petunt,
1056 1842 1154 1910 quam
1174 1845 1242 1891 non

143 1993 193 2059 12.
225 1906 450 2080 lldeqlplddldtdio
472 2011 612 2142 ppgnaa
635 1992 757 2081 inquo
780 1993 950 2058 vincerunt
970 1989 1132 2079 Hungarii
1152 2004 1239 2083 post·

250 2098 326 2143 uam
429 2098 493 2142 run
789 2101 799 2127 ·

84 2144 94 2159 χ
144 2162 193 2230 13.
262 2076 453 2252 eeofdddd
473 2172 608 2263 propter
630 2160 846 2250 defatigatos·
868 2182 970 2250 equos
991 2183 1089 2250 super
1101 2161 1239 2230 fluvium

226 2247 382 2316 Brentam
419 2269 541 2336 pagam
566 2247 769 2376 bchristianos
805 2244 1083 2335 prestolarentur,
1127 2249 1239 2339 eisque

17 2384 20 2418 ἶ
144 2419 194 2485 14.
261 2330 1033 2520 addeddffildffinilinffiododesledldddem
1047 2418 1239 2505 invenerint,

228 2515 261 2571 et
283 2503 362 2593 qurd
385 2501 536 2570 dixerint
895 2560 904 2576 .

144 2589 194 2655 15.
229 2587 404 2672 Quomodo
433 2589 596 2675 Hungarii
625 2589 743 2677 positis
768 2585 895 2655 insidiis
923 2609 1022 2678 super
1048 2587 1241 2664 christianos

227 2675 378 2742 irruunt‘
400 2683 433 2740 et
453 2674 599 2740 vincunt
1146 2690 1152 2699 ’

143 2760 193 2826 16.
260 2758 327 2827 uod
348 2759 517 2826 victoriam
548 2780 614 2824 non
635 2779 695 2847 pro
717 2780 829 2824 eorum
858 2757 1064 2845 fortitudine,
1094 2759 1151 2828 sed
1180 2782 1240 2851 pro

227 2868 246 2912 e
287 2846 477 2911 'stianorum
498 2854 634 2932 peceato
656 2840 838 2911 habuerint

144 2928 192 2994 11.
227 2929 325 3014 Quod
348 2952 386 2997 eo
408 2939 555 3018 tempore
570 2927 774 2996 Hulodoicus
795 2951 855 2996 rex
868 2929 1071 2996 Francorum
1093 2931 1240 3015 moritur,

228 3026 260 3082 et
283 3014 477 3083 Chunradus
499 3036 565 3115 pro·
582 3036 621 3081 eo
644 3012 821 3082 ordinatur.

145 3099 193 3169 18.
227 3099 292 3183 Qui
313 3099 373 3167 sub
396 3122 434 3168 eo
462 3121 626 3189 principes
658 3110 757 3184 eraut,
784 3101 869 3167 inter
896 3120 977 3188 quos
1005 3109 1038 3167 et
1065 3099 1240 3168 Heinrious
1352 3092 1356 3098 ’

228 3185 396 3252 Saxonum
419 3185 588 3252 duxerat

144 3267 194 3336 19.
226 3270 280 3337 De
303 3293 342 3337 eo
365 3270 454 3360 quod
472 3269 650 3338 Heinrious
671 3280 704 3339 et
725 3270 845 3338 caeteri
897 3271 1039 3360 rineipes
1062 3269 1239 3338 Ohrmrado
1319 3331 1321 3340 .

227 3353 455 3423 rebellaverint
482 3357 563 3444 regi,
592 3367 624 3424 et
644 3353 686 3421 ab
708 3376 748 3423 eo
774 3357 853 3423 vioti
910 3357 1002 3442 erint,
1024 3367 1057 3425 et
1078 3357 1156 3445 quia
1175 3356 1238 3421 Ar-
1311 3403 1317 3414 .

226 3437 344 3508 naldus
365 3441 399 3507 in
420 3440 799 3530 nungentum-fugerat

142 3523 193 3593 20.
228 3525 445 3596 Ohuonradus
468 3548 527 3594 rex
547 3527 691 3594 moriens
712 3526 877 3616 principes
900 3548 1013 3593 omnes
1034 3526 1074 3593 de
1092 3547 1184 3615 paee,
1207 3534 1240 3592 et

226 3621 263 3679 ut
287 3610 484 3762 adlimam
511 3612 860 3764 τῗῆςοὲαῃοοηῗξὶααηῐ,
891 3611 1093 3694 exhortatur,
1124 3611 1177 3676 oui
1205 3619 1238 3677 et
1286 3681 1292 3693 ,

143 3767 194 3847 21.
227 3718 529 3869 rgduonradrdaddgd
547 3718 879 3864 mortufflamaldus
899 3780 942 3848 ab
963 3779 1135 3869 Hnngaria
1154 3777 1240 3846 redit
1337 3804 1338 3807 ¹

226 3877 326 3969 atque
347 3866 502 3935 Heinrioo
524 3867 595 3968 regi
616 3865 738 3967 bellum
759 3878 862 3956 parat
931 3951 938 3966 .
976 3952 983 3968 ·
1165 3948 1173 3963 ·

143 3949 192 4019 22.
227 3952 403 4021 Hemrious
435 3949 573 4019 Amaldr
605 3973 751 4018 smmum
788 3950 1040 4041 prudentissima
1074 3948 1238 4017 loouoone
1360 3993 1362 3998 ·

225 4039 364 4128 megae

107 4260 128 4317 ι)
144 4265 279 4318 deletlcstos
297 4271 317 4311 1.
379 4269 404 4324 b)
421 4274 546 4328 anement
562 4272 585 4315 1.
648 4267 799 4321 e)lrrunt1.
861 4267 885 4321 d)
901 4266 1005 4318 incedut
1021 4271 1043 4310 1.
