2932 4718
256 271 489 326 umbrarum
504 270 773 326 maronem&
810 271 883 327 Lm.
902 271 943 325 11.
982 271 1102 324 itt-oo.
1215 273 1251 326 47
1278 275 1280 279 ’

199 443 251 509 52.
284 442 347 508 His
361 442 480 508 auditis
501 464 588 529 papa
600 443 731 507 nuntios
750 440 920 508 confestim
936 441 1252 530 Constantinopolim

113 527 234 615 dirigit,
255 527 444 617 suppliciter
457 528 661 614 imperatoris
675 526 884 593 amminicula
898 527 962 595 sibi
978 526 1048 593 dari
1062 527 1251 616 deposcens.

24 688 27 697 Δ
112 612 294 702 Imperator
314 635 403 696 vero,
435 626 472 679 ut
492 614 543 678 vir
569 613 813 679 sanctissimus·
841 613 894 680 dei
917 633 959 678 ue
980 614 1108 696 timens,
1139 614 1251 702 copias

112 698 235 787 absque
255 720 348 765 mora
369 697 529 766 classibus
548 696 702 765 advectas
724 697 853 764 direxit
985 721 1047 788 que
1068 721 1128 788 per
1150 697 1312 766 (iare-ars.

20 787 25 856 ἶ
111 783 234 850 benum
256 782 379 850 flumen
395 783 664 867 conscenderent,
686 783 791 850 adluit
812 797 844 850 et
865 804 953 873 papa
973 783 1144 868 Iohannes,
1174 805 1249 850 cnm

111 867 270 935 Landolio
292 871 416 967 pariter
431 869 736 936 beneventanorum
782 870 907 958 sincipe
929 871 1165 956 potentissimo,
1188 869 1249 938 Oa·

111 956 243 1021 merinis
264 965 361 1021 etiarn
384 966 482 1055 atque
508 953 695 1043 Spoletinis.
774 954 888 1020 orrida.
903 957 986 1056 ‘satis
1008 954 1149 1045 denique
1168 957 1251 1023 inter

111 1041 717 1226 iteifflqtiiiitalitt
731 1038 1251 1194 iristitiam

109 1221 176 1362 pem
211 1210 416 1299 confugiunt,
453 1223 672 1300 angustasque
707 1220 833 1278 tanturn
866 1214 938 1278 vias
975 1210 1148 1280 defendere
1184 1231 1251 1278 mo·

121 1306 242 1363 runtun
1151 1335 1152 1338 ι

196 1381 249 1448 53.
282 1380 337 1447 Ex
366 1391 457 1468 parte
484 1402 562 1448 vero
591 1380 660 1464 illa,
691 1404 757 1471 qua
786 1381 970 1448 difficiliore
1000 1394 1070 1449 erat
1096 1374 1251 1450 ascensus

110 1469 293 1557 Poenisque
314 1465 357 1532 ad
378 1464 578 1554 fugiendum.
590 1467 706 1555 aptior,
729 1466 827 1534 Greci
850 1478 991 1533 casuum
1007 1466 1060 1534 die
1081 1469 1155 1554 ipsa
1177 1489 1251 1534 con·

111 1554 262 1635 stituuut3
285 1552 318 1616 in
334 1573 399 1640 quo
415 1550 603 1634 residentes,
625 1552 762 1636 Poenos,
784 1574 825 1618 ne
839 1551 1000 1639 fugerent,
1024 1551 1250 1638 observabant,

112 1636 309 1726 cottidieque
332 1648 557 1726 oppugnantes
579 1658 645 1702 non
667 1637 875 1704 mediocriter
895 1636 1112 1705 trucidabant

195 1725 247 1789 54.
277 1721 392 1790 Grecis
413 1723 514 1809 igitur
535 1722 724 1810 Latinisque
746 1721 879 1790 cottidie
894 1722 1167 1805 conflictantibus,
1189 1723 1251 1791 deo

110 1809 298 1892 miserante,
325 1807 509 1874 Poenorum
538 1831 599 1875 nec
628 1830 712 1875 unus
740 1807 872 1897 quidem
899 1809 1075 1897 superfuit,
1105 1811 1251 1899 quinon

111 1903 167 1960 aut
188 1891 297 1981 gladio
320 1892 546 1978 trucidaretur,
576 1905 633 1960 aut
653 1894 750 1960 vivus
777 1895 932 1961 continuo
955 1904 1134 1982 caperetur.
1177 1894 1251 1963 Visi

112 1990 188 2045 sunt
209 1990 318 2046 autem
340 1977 532 2067 areligiosis
554 1977 707 2045 fidelibus
729 1981 764 2046 in
785 1979 901 2046 eodem
923 1977 1009 2046 bello
1032 1980 1251 2047 sanctissimi⁶

109 2062 285 2131 PE'l'RUS
308 2062 368 2129 ET
389 2063 568 2131 PAULUS
590 2063 739 2152 apostoli,
766 2086 904 2154 quorum
935 2065 1127 2132 christianos
1149 2064 1250 2132 credi·

51 2205 55 2209 ,
109 2172 183 2300 prus
204 2149 357 2302 Ριεοέᾙὲι
377 2151 546 2300 mqqnisse,
569 2151 720 2238 quatinus
742 2150 844 2216 Poeni
865 2150 1022 2240 fugerent,
1045 2161 1078 2216 et
1098 2151 1162 2239 ipsi
1183 2151 1250 2216 vic-

123 2255 268 2301 onamo
340 2256 417 2301 eren
450 2282 458 2299 .
1239 2287 1245 2296 .

80 2364 87 2376 ι
193 2320 245 2386 55.
278 2319 353 2386 Hoc
375 2320 410 2384 in
430 2330 576 2408 tempore
597 2318 794 2387 Adelbertus
817 2320 999 2387 Tincorum
1029 2331 1145 2408 potens
1165 2336 1317 2390 mar-ua)

111 2404 184 2472 chio
205 2407 353 2490 moritur,
375 2404 525 2494 filiusque
541 2406 610 2472 eius
624 2404 725 2471 Wido
746 2427 767 2470 a
784 2404 984 2494 Berengario
1005 2428 1083 2494 rege
1104 2403 1249 2472 marchio
1258 2398 1310 2500 2²⁶·
1326 2412 1365 2498 f„

132 2491 211 2558 atris
240 2490 312 2557 loco
340 2491 546 2558 constituitur
554 2501 578 2555 ³.
621 2490 722 2557 Berta
748 2500 856 2559 autern
886 2512 969 2557 rmor
991 2493 1061 2558 eius
1083 2512 1157 2557 cum
1178 2490 1250 2558 Wi·
1280 2467 1320 2508 '⁸‘
1366 2484 1374 2500 ’

110 2513 194 2642 done
216 2574 283 2642 filio
304 2586 380 2664 post
399 2577 507 2642 mariti
530 2576 654 2643 obitum
674 2598 741 2641 non
756 2577 890 2643 minoris
911 2576 999 2643 iacta
1019 2585 1069 2643 est
1087 2596 1185 2664 quam
1199 2575 1251 2642 vir

111 2684 188 2729 suus
208 2660 382 2763 potentiae.
427 2662 519 2744 Quae
542 2682 616 2726 cum
639 2659 847 2745 cauiffiutet,
868 2659 1069 2746 muneribus,
1100 2672 1171 2727 tum
1191 2659 1214 2726 b
1237 2701 1249 2713 ·

111 2768 217 2814 mener
239 2747 395 2814 exercitio
410 2745 514 2812 dulcis
524 2756 548 2831 ⁴,
570 2746 743 2813 nonnullos
759 2745 821 2813 sibi
843 2746 955 2814 fideles
970 2747 1130 2814 effecerat
1152 2683 1249 2814 Unde

111 2832 260 2917 contigit,
289 2841 327 2897 ut
355 2830 433 2897 dum
461 2831 559 2920 paulo
589 2843 664 2921 post
684 2854 705 2898 a
726 2832 924 2921 Berengario
954 2831 1050 2900 simul
1078 2854 1154 2898 cum
1181 2830 1249 2897 filio

11 2992 16 3014 ἱ
113 2929 297 3069 cdpemttella
304 2928 337 2984 et
356 2916 489 3020 Mantue
509 2917 657 3068 ριὲιιοᾶίθ
678 2928 851 3020 teneretur,
874 2928 1080 3070 suosdqapiren
1102 2917 1249 3069 civqmffis

16 3021 18 3046 ³
111 3023 220 3069 ecas
319 3025 484 3070 ommare
563 3025 617 3069 ere
662 3024 941 3070 arrommrmere
987 3025 1085 3069 isse
1118 3024 1153 3068 se
1237 3043 1249 3054 -

18 3105 20 3109 ’
110 3088 206 3154 miter
233 3088 385 3173 tenuisse,
414 3026 551 3177 camillus
577 3026 787 3176 poqgmodum
817 3087 858 3156 de
880 3087 1029 3155 custodia
1055 3053 1152 3154 siinul
1175 3108 1249 3154 cum

110 3171 176 3239 filio
197 3171 362 3240 liberasse

195 3258 248 3325 56.
280 3257 390 3342 Haec,
421 3269 458 3325 ut
479 3276 602 3337 ,rumor
633 3269 698 3341 est,
727 3269 793 3324 tres
820 3281 862 3325 ex
889 3258 960 3324 viro
990 3278 1050 3323 suo
1082 3267 1249 3346 genuerat,

63 3420 66 3427 ¹
112 3341 288 3411 Widonem
315 3365 413 3431 quem
442 3343 662 3432 prediximus,
691 3353 790 3431 atque
817 3341 1046 3427 Lamberm,
1077 3345 1134 3444 qui
1161 3364 1249 3409 nunc

113 3449 216 3518 usque
238 3427 359 3495 lumine
381 3429 527 3516 privatus
550 3451 589 3495 su
612 3437 733 3514 aresti,
762 3426 1021 3516 Ermengnrdam
1049 3438 1148 3509 ettam
1170 3448 1249 3518 gna

112 3523 178 3582 tam
194 3535 287 3580 suam
303 3513 368 3582 sibi
381 3513 558 3580 Afroditid
594 3512 708 3582 cedine
731 3512 929 3604 coequalem,
953 3534 1053 3603 quam
1072 3511 1248 3581 Adelberto

113 3705 136 3761 ι)
151 3708 301 3751 ιωοιιιωπι
317 3709 338 3752 1.
400 3706 425 3760 b)
441 3706 553 3750 dissciiior
568 3709 589 3754 1.
649 3706 672 3760 c)
688 3709 855 3750 sanctisimi.
918 3705 943 3760 d)
959 3707 1070 3749 sallidste
1086 3709 1108 3752 1.

116 3867 144 3938 1)
171 3869 212 3924 (li.
239 3886 263 3922 c·
290 3870 326 3922 66
350 3887 378 3923 v.
407 3869 431 3921 1.
461 3871 489 3923 2.
578 3867 608 3937 2)
634 3869 771 3923 Iohannes
797 3884 870 3938 papa
895 3869 1063 3924 Herimanno
1090 3867 1248 3930 Coloniensi

114 3945 319 4014 archiepiscopo
344 3945 517 3998 ‘beatissimis
544 3944 651 3997 scilieet
675 3943 806 4012 apostolis
830 3943 1071 3996 intercedentibns’
1096 3942 1248 3995 Saracenos

115 4016 258 4088 dissipatos
285 4035 345 4074 esse
370 4019 480 4087 scripsit
505 4017 605 4087 (Flcss,
624 4018 726 4072 Leonis
751 4019 940 4087 V111.papse
968 4017 1093 4085 privileg.
1123 4034 1151 4086 p.
1172 4013 1247 4084 106).

115 4087 141 4158 3)
162 4093 205 4146 Oi.
223 4094 269 4146 111
289 4110 313 4146 c.
335 4093 379 4158 10,
407 4094 569 4160 Berengsrii
588 4091 710 4160 diploma
728 4110 753 4144 a.
774 4092 828 4144 916
850 4091 894 4145 die
914 4092 941 4145 8.
959 4092 1030 4146 Dec.
1049 4106 1134 4145 mens.
1153 4090 1248 4143 datum

115 4166 322 4235 (Forscbungen
347 4185 395 4222 sur
424 4167 575 4221 deutschen
600 4167 699 4221 Gesob.
726 4167 767 4233 X,
796 4164 872 4232 289).
958 4166 989 4234 4)
1015 4166 1093 4218 'lunc
1118 4167 1248 4234 temporis

114 4240 215 4295 Bertbs
234 4242 348 4296 Veneris
367 4237 495 4312 operibns
513 4244 568 4295 ism
587 4243 674 4311 impar
691 4241 775 4294 fuisse
793 4242 911 4293 videtur.
980 4237 1012 4307 b)
1032 4239 1074 4307 Oi.
1093 4239 1137 4292 111
1157 4255 1183 4294 o.
1201 4239 1247 4291 48.

115 4316 158 4382 46,
176 4317 217 4370 IV
237 4333 261 4370 c.
283 4317 327 4370 10.
365 4317 409 4370 De
428 4325 559 4386 tempore,
579 4332 632 4385 quo
650 4316 812 4369 Lambertus
831 4321 951 4368 mortuus
970 4317 1006 4368 sit
1024 4314 1091 4367 nibil
1108 4320 1222 4367 constat
1251 4319 1255 4334 '
