2932 4718
254 215 486 271 LIUDPRANDI
506 215 772 272 samonosls.
809 217 883 272 LIB.
901 218 942 272 Il.
981 220 1102 272 41-45.
1213 222 1248 274 43

110 397 178 469 tus,
220 384 406 453 huiusmodi
446 409 520 453 eum
554 387 770 474 Berengan‘us
809 388 1012 456 sermonibus
1054 390 1312 480 increpavittsou

111 471 320 561 ‘Quousque¹
352 470 484 539 tandem
512 470 662 555 abutere,
695 471 893 557 Hulodoice,
927 477 1085 562 patientia
1115 477 1250 544 nostra?

18 578 20 582 “
110 557 198 623 Num
220 557 352 624 infitiari
373 569 477 646 potes,
500 569 532 624 te
553 556 608 624 illc
631 569 776 645 tempore
799 559 879 623 meis
902 559 1062 646 presidiis,
1085 584 1158 628 mea
1180 562 1250 629 dili·

110 644 221 730 gentia
250 641 527 709 circumclusum?
558 663 763 710 commovere
791 645 890 709 etiam
912 654 944 711 te
974 658 1088 732 contra
1110 669 1250 715 menon

15 757 20 790 ε
109 727 283 879 potuisse?
317 727 687 880 meqplqismisericordia
714 726 922 812 inclinatum,
957 753 1040 819 quae
1072 731 1161 799 nulla
1190 731 1251 800 tibi

14 857 16 868 ·
88 839 90 843 ’
131 811 300 896 ebebatur,
322 824 354 881 te
474 812 561 880 isse?
605 813 794 896 Sensistine,
817 813 962 902 inquam,
991 828 1024 883 te
1045 819 1181 906 periurii
1202 820 1249 885 in·

11 908 13 916 '
108 898 215 965 stitis¹
238 922 309 965 esse
330 898 501 966 vinctum?
537 897 746 966 Confirmasti
767 919 844 964 sans
860 897 950 984 mihi,
972 911 1005 968 te
1026 903 1134 1002 ipsum
1157 926 1250 970 num·

107 1005 208 1072 quam
233 983 363 1050 Italiam
389 986 622 1072 ingressurum.
666 983 776 1051 Vitam
805 982 874 1065 tibi,
907 984 993 1054 sicut
1020 1011 1067 1070 ei,
1099 990 1155 1076 qui
1184 1001 1249 1058 tete

107 1067 188 1134 mihi
198 1067 354 1157 prodidit,
376 1071 599 1159 promiseram,
614 1068 776 1154 concedo;
799 1069 933 1137 oculos³
953 1094 1032 1140 vero
1047 1073 1108 1140 tibi
1121 1072 1249 1142 auferre

107 1177 174 1221 non
196 1153 302 1221 solum
323 1155 432 1239 iubeo,
455 1155 513 1221 sed
535 1153 734 1245 compello’b.
778 1155 841 1222 His
863 1155 1016 1246 expletis,
1044 1157 1249 1226 Hulodoicus

107 1239 230 1306 lumine
252 1241 398 1329 privatur
406 1251 429 1324 ⁸,
452 1254 484 1308 et
504 1240 723 1326 Berengarius
744 1263 846 1328 regno
868 1243 1002 1330 potitur.

192 1326 245 1393 ⁴13.
278 1325 523 1414 Hungan‘orum
558 1327 682 1393 interea
717 1326 844 1409 rabies,
882 1327 960 1415 quia
994 1349 1055 1416 per
1091 1327 1248 1413 Saxones,

108 1411 272 1493 Francos,
302 1410 442 1495 Suevos,
543 1412 650 1478 oarios
678 1409 874 1499 nequibant,
901 1424 1003 1480 totam
1031 1435 1091 1502 per
1117 1411 1248 1481 Italiam

107 1493 205 1562 nullis
230 1496 457 1564 resistentibus
510 1496 518 1510 '
551 1505 648 1563 tatur.
691 1496 815 1563 Verum
842 1497 920 1586 quia
948 1497 1167 1585 Berengarius
1195 1498 1248 1566 fir·

108 1581 205 1648 miter
233 1603 310 1647 suos
337 1580 456 1648 milites
484 1579 595 1649 fideles
625 1579 745 1648 habere
775 1604 841 1648 non
869 1591 1007 1670 poterat,
1035 1585 1159 1650 amicos
1186 1583 1248 1652 sibi

108 1665 296 1753 Hungarios
317 1688 382 1732 non
404 1664 611 1734 mediocriter
631 1665 753 1734 lecerat
760 1677 782 1732 ⁴.
1103 1669 1108 1680 '

194 1752 247 1818 43.
281 1750 402 1820 Sedet
424 1751 588 1836 Saraceni,
616 1755 683 1841 qui,
710 1753 795 1819 sicut
816 1751 896 1836 dixi,
918 1753 1139 1821 Fraxenetum
1159 1751 1249 1820 inha

107 1834 267 1920 bitabont,
288 1848 364 1926 post
384 1837 632 1905 labefactionem
653 1837 905 1905 Prouincialium
926 1838 1083 1927 quasdam
1106 1861 1249 1906 summas

107 1919 223 1989 Italiae
252 1933 362 2010 partes
392 1922 455 1990 sibi
482 1923 608 1989 vicinas
636 1945 702 1989 non
724 1922 933 1990 mediocriter
953 1923 1137 2009 laniabant;
1165 1923 1248 1991 adso

108 2017 146 2073 ut
166 2006 252 2097 depo
277 2006 373 2074 ulatis
394 2007 543 2097 plurimis
564 2007 712 2092 urbibus,
741 2008 874 2097 Aquas⁵
896 2010 1061 2092 venirent,
1093 2032 1178 2098 quae
1200 2021 1250 2078 est

110 2092 226 2160 civitas
253 2030 322 2160 lul
354 2092 455 2160 ferme
488 2091 634 2160 miliariis
666 2094 771 2181 Papia
803 2093 927 2160 distans
938 2106 961 2160 ⁰.
1020 2093 1113 2177 Quae
1149 2095 1249 2162 etiam

109 2188 243 2267 propter
264 2178 406 2245 thermas
427 2179 510 2245 miro
532 2181 567 2245 in
588 2189 794 2267 tetragonum
815 2178 914 2246 modo
935 2178 979 2246 ad
1004 2179 1180 2246 lavandum
1202 2180 1248 2248 ibi

110 2265 302 2330 constitutas
333 2262 531 2331 vocabulum
567 2263 703 2331 huiusce
735 2264 850 2331 sortita
878 2277 941 2332 est
999 2265 1124 2332 Tantus
1160 2266 1248 2333 enim

109 2349 206 2415 timor
231 2349 395 2416 invaserat
422 2351 606 2433 universos,
636 2361 674 2416 ut
694 2348 802 2415 nullus
824 2344 924 2435 esset,
955 2351 1013 2500 qui
1038 2349 1155 2416 horum
1176 2372 1248 2438 pre

109 2434 247 2501 sentim
268 2435 331 2500 nisi
352 2433 435 2502 forte
457 2436 628 2502 tutissimis
650 2434 880 2523 prestolaretur
900 2435 936 2500 in
969 2436 1045 2502 ocis.

192 2519 246 2586 44.
278 2518 405 2587 Eodem
426 2533 572 2608 tempore
589 2519 744 2587 Saraceni
757 2519 800 2587 ab
814 2519 927 2586 Africa
939 2521 1064 2589 ratibus
1080 2529 1247 2605 exeuntes,
1257 2554 1314 2610 (η)

110 2602 305 2687 Calabriam,
326 2604 517 2694 Appuliarn,
537 2605 771 2690 Beneventum,
793 2605 1014 2672 Romanorum
1029 2607 1128 2672 etiam
1138 2627 1248 2706 poene

109 2711 221 2756 omnes
237 2691 384 2758 civitates
405 2691 451 2757 ita
466 2702 720 2780 occupaverunt,
742 2701 779 2757 ut
798 2711 1062 2779 unamquamque
1084 2690 1246 2758 civitatem
1324 2703 1325 2708 ’

109 2773 251 2842 mediam
279 2775 419 2842 Romani
451 2776 650 2858 obtinerent,
683 2775 825 2842 mediam
858 2775 1014 2842 Africani.
1065 2775 1105 2842 In
1136 2785 1246 2842 monte

109 2859 438 3034 ql'dlfflill
457 2863 670 3035 illidii?
683 2862 941 3036 tttttt‘tt
960 2863 1410 3013 dslddlidi⁰³⁸¹⁴⁸⁸

108 2967 217 3098 lanta
293 3053 365 3099 emo
395 2996 493 3100 etilam
521 3033 563 3099 ab
594 3053 725 3115 occasu,
754 3032 823 3099 sive
851 3030 893 3097 ab
916 3042 1062 3115 arcturo,
1092 3031 1246 3097 orationis

108 3117 213 3204 gratia
233 3115 277 3183 ad
297 3116 560 3185 beatissimorum
580 3114 802 3204 apostolorum
823 3116 936 3183 limina
949 3116 1087 3182 Romam
1108 3116 1247 3183 transire

107 3212 244 3288 poterat,
267 3202 323 3302 qui
344 3202 387 3270 ab
408 3203 459 3269 his
480 3213 624 3269 autnon
647 3212 827 3291 caperetur,
853 3210 997 3268 autnon
1018 3199 1148 3277 modico
1170 3199 1247 3267 dato

130 3288 217 3354 rscio
254 3286 478 3356 drmitteretur.
534 3287 692 3371 Quamvis
728 3288 816 3354 enim
852 3287 970 3354 misera
1005 3285 1101 3353 Italia
1136 3284 1247 3352 multis

141 3373 353 3460 ungariorum
381 3383 414 3440 et
440 3396 484 3440 ex
503 3372 712 3441 Fraxeneto‘¹
735 3371 972 3440 Saracenorum
1001 3370 1149 3438 cladibus
1176 3394 1248 3460 pre·

108 3468 265 3542 mei-eurr,
280 3456 391 3524 'nullis
415 3468 525 3525 tamen
550 3457 644 3525 furiis
664 3466 722 3524 aut
742 3454 890 3547 pestibus
912 3459 998 3524 sicut
1018 3456 1061 3525 ab
1082 3456 1246 3522 Africanis

107 3541 303 3632 agitabatur.

56 3706 58 3710 Α
192 3629 247 3696 45.
277 3627 397 3695 Fertur
426 3636 536 3694 autem
571 3626 634 3695 hac
670 3629 840 3695 occasione
875 3625 918 3692 ab
950 3625 1064 3693 Africa
1095 3626 1247 3710 exivisse,
1361 3704 1364 3709 Δ

109 3723 206 3803 atque
227 3712 357 3779 Italiam
377 3711 598 3782 adventasset
640 3712 751 3780 Leone
778 3723 878 3803 atque
898 3709 1088 3778 Alexandro
1109 3711 1247 3799 impera-

110 3840 285 3894 succulum.
329 3840 806 3896 b)ta.o.dssast·t.tapaatsacflss.
861 3840 884 3893 c)
900 3841 993 3883 disum
1010 3842 1031 3881 1
1076 3838 1101 3891 d)
1117 3839 1209 3882 truste
1226 3840 1247 3881 1.

112 3955 521 4023 1)0tcie·.1ncsti1.1‚1.
596 3955 626 4022 2)
645 3959 665 4010 i.
686 3974 711 4010 e.
729 3957 832 4021 fasciis,
851 3955 977 4009 vincum.
1061 3952 1092 4022 8)
1111 3954 1248 4022 Reginca.
1294 4005 1299 4015 ,

111 4031 201 4086 chron.
223 4033 287 4098 90⁶,
306 4030 478 4085 Constantia.
498 4031 533 4084 ds
553 4030 626 4084 adm.
639 4033 706 4101 imp.
719 4047 743 4085 c.
757 4031 794 4083 26
807 4048 834 4101 p.
849 4032 912 4084 nt.
979 4026 1009 4096 4)
1023 4027 1065 4082 Oi.
1078 4027 1149 4080 infra
1162 4043 1187 4081 c.
1201 4027 1247 4080 ot.

112 4104 141 4172 ὁ)
166 4107 270 4175 Acqni,
296 4106 332 4159 ad
357 4107 517 4160 Bcrmidam
541 4107 652 4159 fluvium
678 4108 746 4172 sits,
774 4106 809 4158 cf.
834 4105 904 4158 inira
929 4103 970 4156 1v
996 4119 1021 4156 c.
1047 4103 1074 4154 4.
1151 4098 1181 4168 6)
1202 4101 1248 4156 ct.

111 4178 259 4247 Diimmlsr,
279 4181 445 4235 Geschichts
465 4181 514 4234 dss
534 4180 672 4234 Ostbtlnk.
690 4182 808 4234 Rsicbss
827 4181 865 4243 11,
886 4176 938 4229 189
957 4193 986 4231 n.
1005 4177 1049 4229 40.
1107 4177 1134 4243 ⁷)
1150 4176 1249 4252 lingas

112 4261 172 4308 sunt
190 4270 262 4324 quse
281 4254 473 4325 Liudprandm
494 4255 540 4308 hic
560 4254 594 4308 ds
614 4270 698 4309 causa
715 4257 867 4309 invasionis
886 4253 1067 4307 Saracenicss
1086 4250 1174 4304 affert
