2932 4718
213 247 252 300 er
357 242 1213 301 arunramnrmraronosrsmarr.10-12.
1327 213 1330 218 ’

213 417 315 485 nimio
337 429 413 484 sunt
435 437 547 483 omnes
567 414 726 482 cachinno
748 417 912 500 commoti,
939 426 1113 505 tantusque
1143 415 1178 479 in
1199 435 1273 479 eam
1296 434 1353 502 po

214 501 285 593 puli
310 501 402 570 favor
427 501 602 583 excrevit⁸,
631 510 668 566 ut
694 521 761 566 non
782 497 888 567 solum
917 501 1024 567 virum
1051 522 1147 601 suurn
1173 498 1350 599 integrum,

215 587 274 656 sed
306 596 339 655 et
371 595 486 654 cuncta
519 607 603 675 qaae
630 585 693 653 eibi
720 582 829 651 ablata
854 586 983 654 fuerant
1009 582 1171 669 anrmsha,
1204 605 1272 650 recr
1297 605 1352 651 ere

214 680 402 742 mereretm.
444 671 537 755 Quae
558 693 636 738 cum
655 669 707 738 his
727 670 869 759 receptis
890 669 1004 756 abiret,
1025 670 1149 739 directo
1163 606 1353 738 redualdus

181 789 184 793 ⁴
214 769 291 848 post
310 778 384 826 eam
405 779 516 846 puero,
538 755 749 846 interrogarit
786 757 866 846 quid
891 757 964 824 viro
989 778 1049 823 suo
1079 755 1231 840 auferret,
1258 755 1288 820 si
1308 753 1353 821 ad

183 881 185 895 2
214 865 362 947 pugnam
382 865 437 944 em
460 840 522 944 lius
543 851 657 909 contra
678 863 713 909 se
735 805 777 908 de
798 841 953 920 castelloe
981 840 1110 944 exiret?
1145 838 1275 943 (lculi,
1304 841 1352 907 in·-

180 899 302 1019 lqurt,
318 935 405 996 ‘sunt
460 928 481 1012 ⁸,
501 948 606 1012 nares,
627 949 754 1011 manus,
780 939 814 994 et
833 927 946 1016 pedes.
996 927 1032 994 Sr
1061 926 1123 994 hoc
1150 934 1264 1016 egent,
1291 925 1355 994 eim

133 1022 136 1028 '
184 1010 301 1167 {quae
293 1036 383 1166 li1qua
404 1013 645 1166 quntvauferaq
674 1033 768 1164 quq:
795 1034 878 1096 mea,
912 1012 1151 1164 empliseilicet'
1169 1009 1353 1163 appillplac,

187 1117 303 1254 'eila
323 1119 1150 1273 ,tlsmufflsltaffiiltaiiie
1168 1119 1252 1250 lie
1266 1117 1355 1271 ,tt

216 1270 352 1340 modum
372 1292 433 1359 per
453 1266 615 1349 directum¹
633 1269 784 1335 nuntiam
805 1268 1019 1336 remandavit

95 1397 147 1442 esc.
163 1396 205 1451 (e.)
304 1375 355 1441 11.
397 1373 463 1441 Per
482 1371 517 1440 id
542 1381 672 1463 tempus
699 1373 788 1476 regis
816 1371 968 1460 Hugonie
994 1371 1095 1440 frater
1122 1371 1220 1456 Bosa
1253 1367 1353 1440 Willa

14 1473 16 1477 ’
216 1466 319 1527 uxore
347 1481 409 1526 sua
441 1456 674 1546 cupidissima⁰
707 1455 901 1543 stimulante,
934 1456 1091 1526 adversus
1123 1479 1236 1546 regem
1268 1476 1354 1523 nora

217 1543 380 1637 quaedam
406 1553 440 1610 et
491 1564 621 1610 erversa
649 1541 779 1611 molitus
808 1554 858 1610 est
988 1591 997 1608 .
1052 1543 1150 1628 Quod
1178 1541 1354 1630 Hugonem

215 1653 283 1697 non
303 1629 407 1696 latuit.
483 1649 526 1694 na
547 1650 591 1695 ex
611 1652 647 1696 re
669 1639 794 1717 eaptus,
822 1566 988 1698 custbdidb
1010 1637 1060 1697 est
1080 1628 1235 1696 continuo
1256 1625 1355 1694 tradi·

215 1727 299 1784 tus‘1.
343 1713 453 1782 Causa
474 1712 615 1803 denique
636 1713 824 1782 deiectionis
847 1716 917 1782 eius
937 1715 1018 1782 haec
1040 1714 1110 1781 fuit.
1153 1712 1244 1780 Dum
1258 1711 1355 1778 Lam-

117 1874 122 1879 ,
216 1802 320 1885 berto,
357 1821 456 1888 quem
487 1821 587 1887 supra
617 1801 879 1885 memoravimus,
915 1798 1037 1868 lumine
1072 1800 1213 1889 privato,
1249 1795 1355 1864 isdem

216 1887 304 1952 Boeo
326 1905 470 1950 marcam
496 1882 637 1951 Tusciae
663 1883 834 1970 obtineret,
864 1887 985 1953 coniux
1014 1907 1073 1952 sue
1098 1881 1199 1952 Willa
1225 1881 1355 1972 phylar-

217 1972 320 2060 giriae
342 1991 379 2036 ce
402 1971 429 2036 it
448 1991 559 2036 amore
581 1968 758 2058 flagrare‘13
780 1970 862 2039 adeo
884 1981 922 2038 nt
942 1971 1041 2038 totius
1065 1969 1203 2037 Tusciae
1222 1969 1355 2069 provin·

219 2057 289 2124 ciae
318 2078 341 2120 n
369 2124 371 2128 ,
432 2052 591 2121 nobilium
619 2067 840 2123 matronarum
871 2056 1035 2147 quantivis
1064 2077 1099 2122 se
1129 2054 1233 2143 precia
1263 2075 1356 2121 orna-

217 2141 335 2209 mentis
362 2137 535 2207 excoleret.
586 2138 680 2208 Haeo
708 2162 785 2207 cum
832 2139 933 2209 rolem
962 2163 1029 2208 non
1056 2139 1191 2208 haberet
1217 2137 1356 2222 virilem,

240 2235 375 2304 nattucr
388 2224 504 2292 babuit
516 2235 620 2309 natas,
641 2225 784 2311 Bertam,
853 2225 952 2312 illam,
973 2224 1156 2294 Richildam
1171 2233 1204 2292 et
1218 2222 1355 2292 Gislnm.

217 2250 347 2379 baum
378 2306 488 2392 Willa,
520 2309 712 2399 Berengarii
743 2311 850 2395 huius,
883 2313 942 2402 qui
973 2332 1060 2378 mmo
1090 2319 1248 2400 superest,
1278 2331 1355 2377 vere

218 2398 344 2481 marita,
364 2394 427 2463 hcc
449 2393 563 2479 effecit,
593 2417 633 2462 ne
655 2398 798 2485 genitrix
819 2421 879 2464 sua
909 2397 1053 2464 omniurn
1076 2407 1161 2464 esset
1180 2394 1356 2463 mulierum

218 2481 428 2572 nequissima.
471 2478 519 2546 Ut
544 2490 656 2547 autem
681 2504 748 2549 non
768 2505 829 2571 per
854 2481 969 2572 longas
997 2480 1154 2570 ambages
1181 2483 1252 2549 eius
1282 2487 1355 2547 acta

218 2566 703 2736 {odaffitus'qum'tmgisffi
721 2567 892 2720 deqecripto,
920 2590 1003 2657 quae
1030 2578 1063 2636 et
1085 2578 1206 2658 quanta
1226 2567 1261 2632 in
1283 2587 1355 2632 cae-

233 2675 296 2721 ens
353 2674 400 2719 err
445 2672 554 2717 emma
575 2673 598 2716 v
802 2676 857 2720 rra.

121 2767 123 2772 '
307 2757 357 2821 12.
401 2754 462 2821 Vir
496 2755 602 2843 ipsius
634 2674 839 2824 Bosommim
874 2755 1086 2845 longitudinis
1115 2767 1148 2824 et
1174 2753 1355 2822 latimdiuis

159 2896 161 2901 .
218 2863 355 2908 aureum
390 2837 548 2907 habuerat
583 2839 737 2927 balteum,
774 2843 832 2932 qui
867 2840 1040 2908 multarum
1076 2851 1110 2910 et
1164 2842 1356 2908 retiosarum

219 2923 431 3016 splendebat⁶
466 2926 570 2992 nitore
605 2948 818 3015 gemmarum.
875 2927 990 3010 Hunc,
1021 2949 1097 2993 cum
1134 2865 1222 2994 loeo
1243 2932 1355 3029 ‘cape

219 3022 322 3095 retur,
363 3032 461 3098 super
498 3033 610 3078 omnes
644 3035 742 3100 ganas
776 3011 846 3080 eius
879 3011 1050 3101 diligenter
1085 3036 1145 3080 rex
1179 3012 1275 3079 iussit
1310 3035 1356 3079 m·

220 3097 320 3187 quiri3
357 3095 559 3186 sumptisque
584 3095 715 3181 divitiis,
738 3121 876 3166 uxorem
902 3099 982 3182 eius,
1011 3099 1106 3189 quasi
1130 3095 1303 3200 profanam
1325 3105 1357 3165 et

219 3181 350 3250 sceleris
371 3183 471 3248 totius
493 3183 681 3267 auctricem,
708 3185 845 3271 turpiter
872 3182 913 3249 de
939 3205 1041 3273 regno
1067 3181 1180 3250 ltabco
1209 3183 1357 3272 precepit

219 3265 349 3419 till
366 3267 1356 3444 tffiigltttliu,lutttitltlltbltl

220 3438 329 3522 rerint,
350 3446 477 3503 caetera
497 3439 602 3504 nuntii
623 3449 836 3538 repententes,
865 3438 1004 3506 suntad
1025 3440 1202 3529 Hugonem
1224 3439 1356 3506 reversi.

220 3521 306 3588 Tum
327 3544 402 3590 rex:
425 3521 664 3606 ‘Revertentes’,
685 3547 720 3590 m
743 3525 792 3590 uit
814 3523 996 3591 ‘falerarum
1018 3526 1088 3592 eius
1112 3547 1243 3591 omnem
1256 3545 1300 3614 ap

220 3618 335 3691 ratum,
357 3605 508 3707 pulvinar
529 3610 637 3690 etiarn,
661 3548 749 3698 quod
771 3609 946 3699 equitando
967 3610 1096 3698 premit,
1119 3610 1282 3676 evertitet
1342 3619 1357 3676 t

221 3695 249 3759 ei
270 3715 331 3761 nec
359 3691 406 3758 rbi
434 3691 566 3781 quidem
587 3692 730 3762 balteum
751 3697 920 3783 poteritine
949 3697 1123 3785 repperire,
1153 3695 1355 3763 vestimentis

221 3877 245 3928 a)
260 3877 373 3928 enecatio
388 3887 457 3928 euque
472 3877 501 3916 ad
517 3878 542 3918 in
558 3881 681 3922 sexantem
695 3892 744 3932 cap.
762 3882 798 3922 14.
814 3881 891 3921 <ieram
906 3881 969 3920 nulla
985 3881 1066 3920 lacum
1081 3879 1179 3919 {meare
1195 3877 1217 3921 8.
1279 3876 1304 3931 b)
1320 3890 1356 3923 rs·

220 3936 347 4049 qqelpmqh·
364 3935 401 4038 lp)
417 3936 575 3988 cupndtsetma
593 3941 613 3982 1.
679 3940 703 3992 d)
718 3941 806 3992 usgue
823 3941 843 3983 1.
906 3941 928 3991 e)
945 3940 1074 3992 spondebat
1091 3941 1111 3981 1.
1165 3936 1318 4016 osuertttits
1334 3942 1355 3983 1.

224 4129 254 4197 1)
273 4129 422 4184 Flcdoerdi
440 4146 505 4185 ann.
524 4133 595 4184 988:
616 4136 784 4204 repertisque
803 4134 966 4204 quibusdem
984 4134 1076 4187 fratris
1095 4135 1138 4186 sui
1156 4134 1275 4189 Baecula
1292 4151 1355 4190 con·

221 4211 264 4257 tre
288 4221 326 4268 se,
353 4211 382 4258 ut
404 4207 495 4271 fertur,
520 4208 635 4272 insidiis,
660 4209 776 4263 eundem
798 4210 909 4263 fratrem
934 4224 1012 4263 suum
1039 4206 1102 4262 dolo
1127 4211 1202 4278 cepit
1226 4215 1309 4280 etque
1327 4211 1356 4263 in

223 4279 347 4332 custodie
367 4281 455 4334 mittit.
