2932 4718
317 183 550 262 murratum
570 208 835 263 maironnus.
873 207 947 262 am.
968 210 992 263 1.
1032 210 1076 263 rs.
1238 215 1271 266 ιι

131 399 204 442 cum
226 377 352 460 ecdem,
379 376 432 442 die
455 375 597 465 quadam
621 399 686 465 quo
709 377 777 443 XII
800 379 969 445 memorati
999 378 1169 446 loethoeo¹
1200 399 1409 448 reseces-sn.

130 462 296 545 dederant,
317 463 529 550 pervenisset,
557 460 647 550 ligno
676 462 816 538 modico,
846 475 882 529 ut
906 485 972 529 non
993 462 1174 546 incallidus,
1197 467 1272 534 ostii

128 545 260 635 pessulo
283 548 430 635 proiecto
451 545 655 636 ingrediendi
684 545 748 613 sibi
778 547 903 614 aditum
924 546 1064 636 prebuit
1107 548 1272 618 Undecim

129 652 208 698 vero
230 630 477 716 dormientibus,
499 643 537 698 ut
558 652 611 698 ars
633 645 735 699 artem
757 630 882 698 falleret
904 631 1116 700 duodecimus
1131 635 1271 739 pervigil

129 725 263 784 stertere
275 738 336 784 ceu
346 715 511 783 dormiam
522 728 662 805 ceperat,
677 718 931 806 'connactisque
944 719 979 783 in
992 716 1104 784 fatiem
1118 719 1271 806 brachas,
1281 746 1321 801 ψ.
1330 748 1382 792 sn.

128 811 231 868 totum
267 801 353 890 quod
387 803 566 890 imperator
597 801 719 868 faceret
776 802 806 816 '⁸
833 803 998 868 entissime
1035 804 1271 874 considerabat

128 885 301 970 Ingressus
322 887 421 974 igitur
444 887 631 974 imperator,
660 885 739 952 dum
768 907 788 951 o
835 888 952 954 ormire
982 900 1117 954 cunctos
1146 892 1271 980 perspi·

129 983 225 1054 ceret,
248 992 423 1038 aureorum
443 972 715 1038 numismatorum
737 970 854 1038 libram
874 974 1001 1073 pectori
1010 974 1271 1064 ,uniuscuiusque

259 1058 321 1101 ·s.
1084 1060 1092 1075 .

128 1069 283 1208 iiiii?
304 1079 494 1208 allidi
509 1055 593 1209 “ill
615 1065 1019 1229 lgi‘ildrldulhdi
1042 1059 1271 1211 {ttici

128 1225 388 1314 gratularentur,
424 1248 463 1292 ac
496 1225 635 1315 qualiter
666 1225 729 1292 hoc
764 1226 930 1293 accideret
960 1249 1027 1293 non
1062 1228 1272 1298 mediocriter

128 1312 331 1378 mirarentur.
376 1311 529 1400 Denique
551 1310 738 1378 discedente
768 1311 973 1400 imperatore,
1003 1313 1059 1401 qui
1080 1311 1161 1402 vigil
1182 1312 1270 1382 solus

129 1395 280 1463 extiterat
300 1397 453 1479 annexit,
482 1396 776 1484 dormientiumque
804 1418 956 1462 nummos
978 1417 1094 1464 aureos
1115 1397 1186 1465 'sibi
1214 1397 1271 1467 ad-

129 1482 269 1569 sumpsit
289 1491 389 1569 atque
409 1482 572 1570 reposuit3
596 1490 716 1632 postea
737 1502 816 1547 uero
839 1481 942 1570 quieti
970 1503 1041 1549 sese
1063 1481 1163 1551 dedit.
1207 1483 1272 1552 Im·

151 1578 260 1632 erator
287 1567 387 1654 igitru
415 1587 476 1655 pro
505 1566 568 1632 hoc
608 1564 674 1632 udo
704 1563 871 1650 sollicitus,
904 1577 980 1655 post
1006 1587 1127 1634 nonam
1155 1568 1271 1636 horam

128 1587 199 1716 im
220 1650 281 1716 hos
305 1672 386 1739 quos
415 1651 656 1718 nominavimus
686 1650 729 1717 ad
758 1673 793 1717 se
822 1652 933 1718 venire
962 1652 1120 1741 precepit,
1149 1674 1271 1742 eosque

128 1735 173 1800 ita
195 1738 365 1802 convenit:
387 1735 434 1802 ‘Si
456 1736 538 1803 forte
558 1745 703 1803 vestrum
726 1736 915 1823 quempiam
937 1739 1054 1803 somnii
1069 1737 1153 1803 visio
1167 1739 1272 1807 deter-

128 1821 193 1886 ruit
213 1830 271 1885 aut
291 1819 426 1887 hilarem
448 1819 600 1903 reddidit,
617 1830 654 1884 ut
674 1821 709 1885 in
730 1818 875 1886 medinm
904 1821 1056 1922 proferat,
1086 1843 1159 1888 mea
1180 1821 1282 1893 iubet·

128 1905 321 1987 auctoritas3
350 1927 412 1972 nec
433 1905 542 1971 minus
565 1905 664 1972 etiam
686 1906 714 1970 si
737 1902 816 1992 quid
837 1907 991 1972 novrtstis
1020 1906 1269 1995 expergefactus

128 1988 1270 2144 lliffimnhffibslidmh‘bildillirsffidliilibquili'

128 2168 238 2225 autem
260 2153 360 2270 super
386 2159 449 2225 hoc
479 2125 640 2243 admirati,
671 2159 867 2225 ‘conticuere
895 2096 1073 2262 ubstantique
1104 2125 1161 2228 dra
1181 2099 1269 2230 tpgqs

42 2323 47 2329 ,
126 2239 246 2309 bant'2.
292 2245 436 2332 bperans
462 2243 564 2332 igitur
589 2244 784 2332 imperator,
805 2242 866 2310 hos
887 2266 953 2310 non
982 2266 1032 2311 rer
1058 2247 1188 2314 inscitia
1209 2245 1269 2314 aad
1300 2259 1303 2266 '

126 2325 300 2395 calliditate
321 2326 431 2416 aliqua
452 2329 598 2412 reticere,
621 2340 818 2393 suscensus⁰
840 2331 890 2396 est
910 2340 947 2395 ut
961 2331 1019 2417 qni
1033 2352 1066 2396 m
1113 2331 1149 2415 's,
1168 2332 1268 2420 oepit

124 2432 187 2499 que
213 2411 369 2478 nonnulla
390 2411 546 2480 terribilia
577 2411 789 2480 reticentibus
822 2413 1023 2479 comminari.
1068 2351 1178 2498 {hod
1210 2417 1268 2505 qui

56 2525 65 2534 ·
124 2498 270 2564 omnium
299 2498 450 2564 conscius
480 2506 550 2564 erat
577 2507 615 2564 ut
642 2497 778 2582 audivit,
810 2497 997 2565 huiusmodi
1024 2498 1205 2566 humillima
1235 2512 1268 2569 et

123 2580 266 2670 supplici
297 2602 380 2650 voce
411 2584 641 2698 imperatorem
675 2583 847 2649 convenit:
881 2587 1096 2670 ιφιλανθροιτε
1127 2591 1256 2736 &oden

123 2665 316 2754 filanthrope
343 2665 486 2751 vasileu,
509 2664 543 2734 id
570 2675 620 2733 est
641 2665 884 2733 ‘humanissime
906 2670 1099 2755 imperator,
1153 2670 1160 2687 ‘
1186 2635 1267 2758 quid

122 2750 274 2836 viderint,
303 2752 431 2836 nesci03
461 2773 522 2854 ego
544 2762 654 2817 tamen
676 2748 878 2832 delectabile,
909 2764 943 2819 at
966 2774 1007 2818 ue
1029 2754 1154 2820 utinum
1177 2752 1266 2843 quod

10 2922 11 2925 Ἴ
122 2857 282 2926 persaepe
302 2835 384 2902 mihi
404 2846 616 2924 contingeret,
639 2837 802 2902 somnium
823 2835 901 2903 vidi
938 2774 1102 2904 dudecim
1124 2839 1175 2906 his
1190 2862 1265 2906 con·
1383 2918 1385 2922 ¹

123 2923 226 2987 servis
258 2922 340 2987 meis
371 2919 469 2988 hodie
501 2942 579 2988 vere
611 2920 692 2987 sed‘¹
725 2943 793 2987 non
825 2931 984 3010 oportune
1018 2920 1264 3009 dormientibus,

122 3006 213 3071 visus
235 3028 318 3090 sum,
343 3008 437 3093 quasi
457 3028 524 3072 non
545 3005 722 3089 dormiens,
744 3004 889 3093 vigilare
933 3006 1021 3074 Ecce
1043 3019 1152 3075 autem
1175 3030 1265 3098 mag·

121 3088 236 3156 nitudo
258 3091 389 3178 imperii
409 3091 458 3157 tui
479 3090 573 3181 quasi
595 3089 722 3157 occulte
744 3093 862 3157 ostium
884 3113 1042 3175 reserans,
1065 3091 1265 3161 clanculum·

123 3195 188 3262 qne
218 3175 385 3262 ingressa,
416 3174 534 3242 libram
567 3176 639 3241 anri
666 3174 820 3264 adposuit
848 3197 948 3276 supra
975 3185 1090 3264 pectus
1121 3178 1266 3245 omnium
1370 3198 1374 3203 ·

122 3268 279 3327 nostrum.
313 3257 464 3350 Cumque
485 3260 659 3348 imperium
681 3269 774 3324 tuum
796 3280 891 3346 quan
911 3260 1068 3350 repedare
1100 3263 1266 3350 sotiosque

122 3342 184 3410 hac
206 3345 242 3410 in
262 3344 389 3412 visione
410 3350 578 3413 cernerem
599 3343 784 3428 dormitare,
807 3345 960 3410 continuo
983 3366 1044 3412 ceu
1064 3312 1148 3414 letus
1171 3368 1266 3413 exur-

122 3449 213 3515 gens,
242 3428 394 3496 undecim
417 3428 648 3500 dormientium
677 3449 850 3496 aureorum
871 3429 1142 3497 numismatorum
1164 3429 1264 3498 libras

122 3511 353 3665 {ttulit
369 3514 613 3665 33¹2&in
629 3515 664 3615 ³³²
678 3517 1279 3668 lllliffilsilpiiffitffli·
1316 3565 1348 3602 ’·

122 3621 555 3785 memoriumgrefpostolomm
576 3620 657 3750 mdis,
671 3704 737 3748 una
759 3681 904 3750 adhibita
926 3693 1034 3749 essent
1054 3649 1088 3752 'et
1101 3685 1171 3771 ipse
1184 3683 1263 3752 XII.

80 3812 83 3820 »
122 3764 216 3834 Vitio
237 3767 328 3852 baec,
357 3778 537 3856 rmperatcr
564 3776 712 3856 auguste,
743 3766 865 3834 bonum
888 3769 939 3849 sit,
964 3790 1068 3857 usque
1090 3768 1188 3834 modo
1210 3790 1264 3837 me

123 3978 147 4092 qq
161 3981 273 4033 adposuit
292 3991 359 4082 coqu1
370 3980 482 4033 apposuit
498 3980 520 4021 1.
627 3976 652 4030 b)
666 3979 698 4019 aa
715 3979 735 4022 t.
841 3976 863 4028 c)
880 3986 1007 4019 susumus
1027 3987 1086 4023 sors.
1100 3987 1225 4022 suscensus
1241 3980 1263 4022 1.

162 4047 272 4083 meurs.
288 4051 314 4083 ss
362 4069 367 4082 .

126 4214 192 4287 1)r.
212 4235 237 4272 a.
257 4235 362 4274 somno.
439 4218 472 4287 t)
493 4202 576 4288 verr.
594 4218 664 4271 Aen.
685 4215 726 4280 11,
747 4217 772 4267 1.
