2932 4718
261 244 493 301 LIUDPRANDI
511 246 780 303 ANTAPODOSIS.
819 247 893 302 nte.
913 249 952 302 11.
986 248 1106 304 10-13.
1218 249 1254 302 88

114 417 173 485 hac
196 419 291 517 enim·
304 439 411 568 neque
432 439 551 483 nomen
572 417 678 517 gentis
701 416 795 484 huius
817 417 964 485 audierat
988 458 1025 472 -
1050 422 1127 488 satis
1143 420 1254 488 mirari
1263 437 1315 483 aas.

113 526 177 571 non
200 512 315 590 potuit
377 499 516 568 talorum
538 504 647 591 igitur,
670 501 863 586 Tuscorum,
884 502 1087 590 Volscorum,
1111 505 1253 574 Cameri-

111 611 237 673 norum,
268 585 507 676 Spoletinorum
538 585 696 676 quosdam
726 587 826 672 libris,
855 587 935 656 alios
963 591 1083 658 nuntiis
1110 591 1251 675 directis,

112 697 224 742 ornnes
246 682 355 740 tamen
376 673 412 738 in
440 695 542 739 unum
569 674 679 740 venire
706 675 863 763 precepit,
888 673 1058 765 facttuque
1086 687 1253 745 11111111-

111 761 194 827 eitus
217 757 312 847 triplo
335 756 581 844 Hungariorum
602 756 751 825 validior.

199 846 248 910 10.
283 842 368 911 cum
392 866 433 910 ue
466 843 529 910 sibi
567 867 626 910 rex
659 844 876 930 Bereugarius
910 854 958 911 tot
989 846 1103 913 adesse
1138 847 1250 937 copias
1262 863 1303 919 (s.)

110 939 265 1013 cerneret,
289 951 326 994 su
370 929 461 994 riae
484 930 600 1018 spiritu
621 928 750 996 inflatus
781 931 952 1018 magisque
982 932 1180 1032 triumphum
1210 933 1251 1000 de

109 1012 257 1081 hostibus
280 1037 313 1079 m
348 1013 479 1080 titudini
501 1037 578 1082 suae
595 1037 692 1104 quam
712 1014 773 1081 dec
788 1016 932 1083 tribuens
944 1029 964 1099 ¹,
986 1015 1073 1083 solue
1088 1039 1159 1106 lpse
1175 1039 1251 1084 cum

109 1099 389 1269 paucaquodam
411 1101 445 1165 in
469 1100 600 1189 opidulo
631 1100 764 1186 degens,
791 1099 951 1202 voluptati
979 1123 1112 1190 operam
1142 1102 1250 1170 dabat

140 1185 198 1252 uid
226 1210 237 1250 1
274 1185 350 1254 tur?
388 1184 528 1252 Tantam
561 1208 640 1252 mox
672 1196 709 1252 ut
739 1185 901 1288 Hungarir
936 1186 1145 1276 contemplati
1177 1199 1252 1256 sunt

109 1269 239 1338 multitu
263 1274 269 1287 '
297 1294 358 1354 em,
392 1272 500 1337 animo
531 1272 736 1353 conatemati,
778 1270 857 1360 qurd
895 1270 1039 1340 facerent
1071 1271 1251 1341 deliberare

109 1377 173 1423 non
195 1366 355 1456 poterant
397 1355 533 1423 Preliari
553 1357 703 1443 poenitus
723 1356 950 1440 formidabant,
979 1358 1090 1445 fugere
1120 1358 1250 1425 omnino

109 1441 298 1531 nequibant.
335 1440 461 1507 Verum
481 1442 566 1508 inter
587 1453 759 1528 utramque
778 1442 863 1507 hano
879 1445 1113 1510 aestuationem
1136 1443 1251 1532 fugere

108 1548 161 1592 ma
187 1526 213 1593 's
243 1548 343 1615 quam
364 1525 515 1615 preliari⁸
544 1527 652 1611 iuvat3
682 1526 1022 1615 persequentibusque
1056 1528 1250 1612 christianis,

108 1550 263 1678 Addluam
284 1611 420 1677 fluvium
446 1611 598 1696 natando,
624 1615 671 1680 ita
691 1623 729 1679 ut
754 1614 856 1679 nimia
883 1611 1090 1680 festinatione
1118 1612 1251 1703 plurimi

107 1698 196 1765 necti
218 1694 513 1784 submergerentur,
535 1707 772 1786 pertranseunt.
1028 1711 1031 1715 ’

196 1785 246 1848 11.
279 1783 442 1869 Hungarii
464 1783 614 1872 denique,
637 1782 771 1850 consilio
794 1805 861 1850 101
877 1779 962 1849 malo
984 1794 1131 1872 accepto,
1153 1786 1250 1852 inter·

108 1868 233 1934 nuntiis
255 1869 449 1934 christianos
470 1880 598 1957 rogant,
632 1871 785 1957 quatinus
814 1867 916 1956 preda
946 1869 1034 1935 omni
1064 1892 1139 1936 cum
1161 1869 1250 1938 lucro

107 1952 245 2036 reddita,
267 1954 331 2042 ipsi
351 1953 530 2021 incolumes
552 1976 697 2022 remeare
719 1963 862 2043 possent
914 1953 1022 2036 Quam
1054 1956 1251 2042 peticionem

109 2039 278 2106 christiani
304 2038 449 2105 funditus
478 2039 677 2122 abdicantes,
712 2038 772 2123 his,
807 2061 867 2142 pro
896 2036 1005 2124 dolor,
1042 2039 1251 2126 insultabant,

108 2125 285 2212 potiusque
321 2123 451 2190 vincula
485 2126 558 2214 quis
590 2125 754 2214 Hungarii
786 2126 993 2209 vincirentur,
1029 2146 1127 2213 qnam
1160 2147 1252 2192 arma

110 2208 230 2297 quibus
251 2221 453 2294 necarentur,
477 2211 661 2299 exquirunt
700 2210 849 2299 Cumque
863 2210 985 2297 pagani
1001 2209 1251 2277 christianorum

108 2294 236 2361 animos
258 2293 321 2362 hoc
343 2307 439 2383 pacto
461 2295 604 2363 mulcere
625 2296 806 2384 nequirent,
835 2307 930 2361 vetus
952 2295 1015 2360 rati
1036 2293 1152 2362 melius
1175 2316 1252 2361 oon·

108 2378 228 2465 silium,
251 2391 346 2469 cepta
368 2403 439 2447 sese
460 2378 598 2448 liberare
620 2392 772 2469 sangrmt
792 2379 880 2469 suga,
904 2381 1018 2468 sicque
1039 2379 1194 2468 fugiendo
1216 2381 1252 2446 in

107 2464 315 2533 Veronenses
336 2463 512 2532 latissimos
534 2488 668 2569 campos
690 2468 896 2617 perveniunt

198 2551 247 2617 12.
283 2549 541 2618 Christianorum
570 2552 667 2640 primi
719 2573 811 2617 orum
844 2551 910 2617 iam
943 2550 1139 2618 novissimos
1167 2551 1251 2618 inse·

109 2647 242 2720 cuntur,
276 2635 377 2724 fitque
406 2634 519 2704 eodem
548 2659 678 2725 pugnae
708 2634 902 2724 proludium,
930 2637 965 2702 in
992 2657 1057 2725 quo
1079 2635 1251 2703 victoriam

110 2719 254 2788 habuere
269 2722 400 2808 pagani.
434 2721 599 2789 Validiore
614 2745 692 2790 vero
714 2723 954 2810 propinquante
976 2722 1131 2807 exercitu,
1145 2719 1250 2810 lagae

109 2828 175 2873 non
196 2809 413 2891 immemores,
437 2819 568 2894 ceptum
589 2810 650 2874 iter
672 2817 875 2896 percurrimt.

199 2893 248 2959 13.
282 2892 516 2981 Veneruntque
539 2891 741 2960 christicolae
759 2915 847 2959 *cum
876 2889 1099 2959 idololatribus
1128 2892 1251 2980 pariter

110 2977 204 3043 iuxta
236 2976 396 3043 fluviumb
430 2978 623 3063 Brentam²;
661 2978 736 3066 equi
771 2979 857 3044 enim
890 2977 1026 3043 nimium
1059 2975 1249 3064 (1111113111ο

110 3061 257 3162 fugiendi
271 3064 400 3151 copiam
415 3064 600 3151 negabant‘¹
618 3063 805 3150 Hungariis.
845 3061 950 3129 Simul
964 3063 975 3126 i
1001 3063 1064 3128 'tur
1078 3065 1250 3149 *utrasque
1259 3090 1299 3143 η),
1308 3090 1360 3136 sss.

110 3169 198 3214 acres
225 3169 414 3233 convenere,
434 3149 605 3216 memorati
619 3147 844 3214 tantummodo
859 3146 950 3213 fluvii
964 3169 985 3211 a
996 3169 1056 3214 veo
1073 3155 1249 3234 separatae.

110 3231 273 3322 Hungarii
295 3232 435 3322 denique
463 3235 564 3300 nimio
594 3244 716 3300 terrore
745 3234 859 3314 coacti,
888 3254 1016 3299 omnem
1047 3229 1251 3320 suppellecti-

111 3316 184 3403 lem,
218 3319 374 3407 captivos,
396 3341 487 3384 arma
515 3319 637 3403 omnia,
668 3340 778 3468 equos,
806 3316 943 3404 singulis
971 3327 1095 3384 tannim
1119 3315 1251 3405 quibus·

113 3424 186 3469 cum
201 3401 358 3491 repedare
374 3415 507 3492 possent
529 3404 672 3488 retentis,
717 3424 774 3469 are
796 3403 1004 3493 promittrmt3
1028 3401 1090 3468 hoc
1104 3412 1253 3491 preterea

112 3488 146 3554 in
159 3488 281 3556 honere
296 3510 374 3554 suae
421 3489 561 3556 etitionis
582 3489 776 3576 adiungrmt,
796 3497 834 3554 ut
855 3488 883 3555 si
904 3488 973 3555 vita
992 3498 1118 3555 tantum
1134 3488 1252 3554 comite

112 3573 197 3641 datis
220 3572 371 3641 omnibus
429 3596 464 3641 01
486 3596 631 3642 remeare
657 3575 889 3674 permitterent,
920 3595 956 3640 se
983 3594 1163 3660 numquam
1184 3593 1258 3651 am·¹

114 3660 198 3746 plius
220 3659 348 3727 Italiam
370 3659 586 3748 ingressuros,
615 3657 690 3726 filirs
713 3659 781 3726 suis
804 3656 974 3726 obsidibus
1001 3656 1096 3741 datis,
1112 3657 1252 3810 promit·
1319 3742 1321 3745 ι
1404 3687 1406 3691 ⁴

116 3754 228 3812 tarent
291 3743 416 3812 Verum
446 3744 511 3813 heu
548 3744 716 3812 christiani
749 3740 921 3832 superbiae
953 3753 1080 3810 tumore
1135 3741 1251 3842 ccepti,

117 3831 212 3897 minis
233 3852 389 3919 paganos,
420 3852 480 3898 cen
501 3831 568 3897 iam
588 3832 704 3907 victos,
734 3830 931 3912 insecuntur,
959 3829 1069 3916 eisque
1099 3837 1252 3895 continno

116 4040 261 4095 11111111.
322 4043 347 4098 h)
364 4044 447 4087 flatum
464 4047 485 4087 1.
502 4044 598 4095 aetus.
659 4039 681 4095 c)
698 4040 820 4093 1111111111
836 4045 856 4088 1.
872 4040 967 4094 11111111.
1029 4038 1053 4092 rt)
1070 4039 1186 4083 necabant
1202 4041 1223 4081 1.

121 4221 388 4293 1101111111.
409 4224 454 4277 33.
477 4254 480 4260 ·
540 4200 570 4292 2)
588 4224 660 4276 dnn.
683 4223 827 4276 Mamamu
853 4227 881 4277 et
907 4219 1062 4275 chronicon
1084 4217 1252 4272 1101111111-

119 4310 180 4350 num
201 4312 308 4367 quoque
333 4298 466 4368 proelium
492 4297 565 4367 apud
584 4299 713 4352 Brentsm
732 4298 843 4351 11111111
864 4298 1036 4350 commissum
1056 4311 1116 4348 esse
1135 4300 1253 4347 1111111.

1000 4398 1016 4448 3
