2932 4718
168 193 170 198 ’
258 243 295 296 ar
415 240 647 297 erueremur
665 225 930 297 surmonosrs.
949 195 951 199 ⁷
969 239 1043 295 nm.
1063 241 1086 295 1.
1125 242 1246 294 co-cc.

195 438 247 486 aaa.
259 411 381 482 Christi
401 410 587 502 proditoris,
609 409 743 513 apellari
763 432 830 478 non
851 410 997 496 erubuit3
1015 423 1049 479 et
1071 411 1159 501 quod
1181 423 1230 480 est
1251 411 1396 500 manus,

258 498 492 588 sempiternum
520 494 693 584 suplicrum
720 496 903 565 subiturum
931 519 1005 564 sese
1032 519 1099 564 non
1125 499 1250 581 timuit3
1281 518 1397 563 verum

259 582 429 652 conamine
455 592 524 650 toto
548 582 678 667 virium,
710 579 799 671 ligno
824 605 890 648 non
918 581 1048 649 modico
1073 583 1246 652 dormienti
1275 580 1397 649 collum

197 697 201 705 ¹
259 668 367 758 fregit.
411 665 551 735 Gladio⁸
572 669 650 769 quip
676 665 812 735 eferire
827 667 951 751 timuit,
977 689 1019 734 ne
1046 669 1174 758 peccati
1200 669 1297 735 huius
1319 688 1396 735 auc·

259 766 362 823 torem
383 773 436 820 res
457 775 533 820 eum
656 763 726 821 esta
774 752 914 821 roharet
957 751 1008 820 uo
1034 776 1111 820 nam
1133 775 1176 821 ue
1203 775 1296 821 mens
1348 776 1398 821 cr·

259 839 427 907 versarita
453 838 530 927 egit,
561 850 693 906 utnon
719 776 821 940 gliris·
848 838 1001 924 cicatrix,
1033 839 1093 906 scd
1189 839 1198 856 ⁰
1306 839 1399 908 ‘esta

260 923 395 1008 collisio,
427 923 514 991 hunc
543 922 805 1014 repperientibus
836 924 935 991 fidem
966 923 1081 993 darem
1112 947 1197 1014 equo
1227 923 1396 1010 cecidisse,

260 1008 400 1099 collique
427 1007 589 1077 fraccione
617 1008 781 1077 hominem
810 1010 961 1076 exivisse.
1010 1009 1186 1111 Inusitque
1213 1031 1274 1100 per
1294 1031 1398 1077 annos

258 1118 311 1165 res
333 1109 430 1185 quam
452 1095 621 1185 plurimos,
659 1092 730 1161 Sed-
747 1094 826 1162 dum
839 1115 996 1184 processu
1009 1103 1165 1183 temporis
1179 1095 1399 1184 Berengarius

259 1189 330 1267 reis,
362 1177 450 1247 nullo
480 1177 544 1246 sihi
571 1179 751 1267 resistente,
783 1201 920 1269 rognum
949 1178 1085 1247 virilitor
1117 1179 1293 1265 obtineret,
1325 1180 1398 1271 ipse

258 1276 367 1334 reatus
410 1265 522 1356 roprii‚
545 1265 630 1332 sicut
649 1263 755 1332 fuerat
775 1275 899 1351 auctor,
928 1265 1035 1334 extitit
1078 1263 1211 1352 roditor,
1239 1265 1400 1355 implevit-

261 1351 344 1440 quel‘
366 1287 447 1418 illud
469 1349 559 1441 quod
578 1372 640 1418 rex
660 1359 694 1418 et
718 1350 878 1440 propheta
904 1351 1005 1419 canit:
1042 1289 1217 1434 ‘Quoniam
1245 1347 1399 1417 laudatur

303 1446 414 1503 ccator
433 1437 469 1502 in
489 1435 659 1504 desideriis
689 1437 816 1504 animae
845 1459 941 1521 suae,
969 1445 1002 1504 et
1029 1437 1145 1525 iniqua¹
1162 1458 1279 1525 gerens
1300 1435 1397 1506 bene

247 1596 251 1604 ,
295 1523 399 1588 ciurr’.
450 1520 518 1589 Sed
547 1532 579 1589 et
605 1520 696 1588 uliud
722 1521 839 1589 fecisse
865 1522 999 1588 minime
1028 1523 1134 1610 potuit
1169 1531 1305 1612 propter
1336 1521 1398 1590 hec

118 1617 158 1663 re
175 1619 212 1673 ¹⁰2
228 1618 250 1661 ³·
259 1607 365 1696 ipsius
386 1607 531 1674 veritatis
560 1606 661 1674 verba
689 1605 842 1674 dicentis:
871 1606 991 1673 ‘Niohil
1019 1618 1184 1694 oportun,
1215 1606 1304 1697 quod
1332 1629 1400 1675 non

260 1690 427 1776 reveletur,
450 1702 483 1758 et
504 1690 676 1775 occultum,
700 1691 788 1780 quod
809 1715 875 1759 non
896 1692 930 1757 in
951 1691 1119 1780 publicum
1140 1693 1270 1760 veniat’.

346 1777 420 1843 *43.
452 1777 514 1843 His
536 1778 583 1843 ita
603 1776 714 1864 gestis,
747 1801 807 1846 rex
833 1778 1050 1866 Berengarius
1079 1776 1230 1868 ampliori
1261 1778 1400 1866 pristina

96 1872 251 1928 “statutt
261 1860 417 1949 dignitate
438 1863 528 1950 regia
549 1861 741 1948 honoratur3
767 1861 964 1930 Adelbertus
995 1863 1139 1930 marchio
1169 1876 1202 1932 et
1230 1865 1331 1930 ceteri
1357 1863 1400 1930 ad

260 1947 394 2035 propria
416 1946 626 2014 destinantur.
1287 2031 1291 2035 .

145 2050 249 2107 ’ωσι
345 2032 397 2096 44.
430 2031 526 2098 Iuvat
554 2042 661 2100 nutem
699 2040 792 2119 pater
818 2032 1008 2118 karissime,
1039 2034 1120 2101 tanti
1146 2033 1245 2101 huius
1275 2034 1401 2103 obitum

258 2115 346 2204 regis
369 2125 402 2184 et
423 2114 571 2184 deflendo
595 2082 739 2185 scrihere
760 2127 792 2184 et
813 2116 985 2185 scribendo
1007 2117 1136 2187 deflere.
1179 2119 1291 2187 Inerat
1310 2143 1400 2188 nam·

261 2223 325 2304 que
346 2199 395 2268 illi
415 2200 550 2269 honesta
570 2224 700 2269 morum
722 2202 877 2290 probitas,
899 2213 1012 2270 sancta
1034 2215 1066 2271 et
1086 2203 1295 2272 formidolosa
1310 2228 1401 2274 seve-

260 2297 351 2370 ntus,
373 2297 405 2355 et
448 2308 525 2354 uem
545 2288 697 2354 iuventus
720 2287 856 2354 ornabat
876 2289 912 2354 in
932 2310 970 2354 co
1011 2311 1066 2357 ore
1081 2288 1261 2379 splendida,
1282 2291 1401 2359 mentis

263 2372 397 2439 canities
427 2309 642 2439 lecornverat
670 2383 793 2460 sancta
835 2371 936 2441 Plane
961 2396 1035 2462 pus
1064 2376 1075 2440 i
1100 2398 1134 2442 se
1163 2377 1211 2442 rei
1240 2373 1401 2464 publicae,

166 2518 190 2546 ,
263 2479 362 2546 quam
383 2455 586 2546 respublica
615 2457 742 2524 decoris
772 2459 802 2525 ei
829 2458 1017 2526 consuerat
1062 2398 1160 2543 <laod
1188 2460 1310 2528 sinon
1338 2462 1402 2529 cita

262 2555 350 2610 mors
371 2543 459 2609 hunc
480 2554 618 2631 raperet,
640 2544 668 2608 is
691 2552 784 2627 esset,
807 2544 862 2632 qui
884 2555 959 2632 post
980 2544 1201 2612 Romanorum
1221 2547 1401 2634 potentium

262 2637 366 2695 toturn
388 2628 451 2696 sibi
472 2625 585 2695 orbem
606 2627 744 2695 viriliter
764 2628 983 2717 subiugaret1.

545 2804 761 2874 EXPLICIT
782 2806 918 2873 LIBER
938 2803 1116 2874 PRIMUS.

263 3015 286 3069 a)
305 3015 435 3069 Gladio·
451 3017 477 3058 tu
492 3017 614 3068 publicum
628 3018 709 3059 rentct
725 3018 801 3060 dnum
817 3020 841 3059 irs
857 3019 965 3059 codicibus
982 3020 1003 3063 ³.
1064 3017 1087 3072 h)
1105 3020 1232 3078 impletque
1250 3022 1271 3061 1.

265 3197 293 3263 1)
308 3198 350 3251 cf.
360 3198 501 3251 Lamberti
512 3197 680 3266 epitaphium
693 3198 728 3251 ab
739 3199 908 3253 Hartmanno
920 3199 1039 3254 schedel
1050 3199 1224 3267 descriptum,
1238 3216 1255 3251 a
1264 3201 1400 3257 Guilelmo

262 3272 446 3326 wattenbach
466 3272 568 3325 editum
588 3271 797 3342 (Forschungsn
816 3290 863 3326 rur
883 3273 1033 3327 deutschen
1052 3273 1216 3328 Geschichte
1236 3276 1285 3342 XI,
1305 3275 1387 3346 874):

200 3363 204 3370 ·
449 3345 588 3414 SangoIns
607 3348 737 3416 precipuo
756 3349 922 3401 Francorum
942 3348 1072 3416 germinis
1091 3355 1164 3402 crtus

485 3420 648 3473 Lambertus
667 3421 719 3474 fuit
736 3421 782 3474 hic
802 3438 879 3475 cesar
897 3424 925 3474 in
945 3422 1010 3475 orbs
1033 3428 1138 3491 potens.

449 3493 526 3546 Alter
545 3501 604 3547 erat
624 3494 825 3560 Constantinus,
845 3496 1015 3550 Theodosius
1035 3496 1114 3561 alter,

485 3569 522 3621 Et
541 3571 666 3637 princeps
685 3572 763 3638 pacis
783 3570 872 3625 clarus
891 3586 982 3623 amore
1001 3572 1089 3625 nimis.

413 3644 429 3694 5
450 3643 536 3708 Quam
556 3645 659 3712 patrios
677 3643 754 3710 fines,
774 3661 856 3712 quam
874 3645 979 3699 fortiter
998 3647 1055 3714 egit
1074 3646 1204 3712 habenas,

485 3717 563 3770 Illius
583 3734 658 3771 arma
676 3720 727 3772 tihi
745 3735 796 3788 par
814 3735 922 3787 quoque
940 3722 1036 3789 visque
1055 3722 1153 3774 ferunt.

450 3790 505 3845 Sed
525 3791 607 3844 talam
628 3795 692 3860 quia
711 3810 765 3846 uon
784 3796 881 3846 meruit
900 3810 968 3861 gens
986 3797 1071 3864 impia
1089 3810 1190 3862 regem,

487 3866 608 3934 Subripit
626 3867 690 3920 irinc
709 3870 792 3922 sociis
812 3885 882 3921 mors
905 3870 1016 3936 tropina
1035 3872 1100 3923 suis.

448 3941 523 3993 Ecce
543 3956 591 3993 suo
612 3943 717 3996 cineres
735 3943 817 3996 tellus
837 3943 871 3996 dc
890 3950 1011 3996 scemate
1029 3949 1150 4013 sumptos

395 4015 429 4067 10
486 4014 575 4068 Credo
596 4015 668 4083 quod
686 4016 751 4070 inde
771 4023 863 4071 manet
880 4017 1005 4085 stelliger
1023 4021 1081 4072 axis
1101 4018 1192 4070 habet.

332 4137 335 4142 .
448 4089 510 4151 Hoc
529 4105 635 4142 mecum
656 4090 769 4144 credens
787 4098 818 4146 tn
838 4092 883 4144 dic
902 4108 1072 4163 poscensque
1092 4095 1196 4144 viator:

485 4164 508 4218 0
530 4163 605 4230 deus,
626 4165 744 4232 angelici
763 4167 799 4220 sit
818 4182 909 4220 comes
929 4169 988 4237 ipse
1009 4168 1098 4220 chori!
