2932 4718
386 228 620 283 LIUDPRANDI
640 228 818 285 Lucumo.
856 230 938 283 9-7.
1188 232 1239 285 199

98 424 228 469 morum
249 422 408 488 paparum
429 398 485 465 alii
507 410 584 466 sunt
603 398 748 502 relegati,
770 399 825 466 alii
847 399 945 467 adeo·
963 399 1074 484 aflicti,
1097 413 1302 492 utrequerss.

99 487 280 555 cotidianos
302 494 452 574 sumptus
473 507 534 552 nec
557 483 767 552 elemosinam
792 484 912 553 habere
939 486 1092 575 quirent?
1124 487 1240 555 Nonne
1251 477 1306 520 ¹¹¹⁸·
1322 479 1343 521 ²·

97 572 296 640 Adelbertus
332 570 582 638 contumeliosas
613 570 736 639 litteras
768 571 916 638 Romano
949 585 982 639 et
1015 570 1239 659 Constantino,

100 657 327 726 decessoribus
341 657 408 724 tuis
431 653 683 744 imperatoribus
697 654 810 723 misit?
830 656 947 723 Nonne
963 659 1240 726 acutissimorum

100 743 323 832 apostolorum
345 705 500 809 ecciesiae
520 743 644 829 rapinis
666 739 866 830 expoliavit?
896 741 978 825 Quis
1000 764 1043 809 ex
1064 743 1160 811 vobis
1181 745 1240 811 im-

99 827 317 918 peratoribus,
338 826 409 894 aelo
431 826 485 893 dei
503 826 630 911 ductus,
653 836 720 893 tam
738 827 909 928 indignum
930 826 1058 894 moinus
1072 829 1241 898 vindicare

100 925 135 981 et
154 925 300 981 sancum
321 912 494 981 ecclesiam
515 913 550 979 in
572 923 693 980 statum
714 934 884 1001 propnum
903 912 1078 980 rcfomare
1094 915 1241 982 curavit?

100 998 301 1089 Neglexistis
322 1021 392 1081 vos,
421 1020 487 1065 non
508 998 655 1087 neglexit
683 997 835 1065 dominus
862 1020 965 1080 meus,
1020 999 1054 1065 ui
1076 1021 1097 1065 a
1118 1000 1240 1068 finibus

100 1098 207 1154 terrae
229 1107 364 1174 surgens
380 1085 585 1173 Romamque
609 1084 754 1166 veniens,
775 1085 895 1173 impios
920 1083 980 1152 abs
1033 1086 1066 1168 't,
1094 1096 1127 1152 et
1150 1108 1241 1153 sanc·

93 1183 210 1238 torum
237 1192 261 1235 a⁴
303 1169 459 1237 stolorum
487 1169 617 1236 vicariis
643 1179 839 1258 potestatem
866 1181 899 1237 et
927 1168 1082 1238 honorem
1111 1193 1242 1238 omnem

100 1255 250 1324 contradi
274 1258 307 1322 't
350 1254 565 1321 Postmodum
586 1276 665 1322 vero
686 1255 778 1321 insur
801 1265 890 1322 entes
912 1267 1026 1322 contra
1048 1279 1084 1323 se
1105 1267 1138 1323 et
1150 1255 1240 1324 dom·

101 1343 206 1408 numb
234 1341 460 1430 apostolicum,
486 1341 580 1430 quasi
605 1341 781 1407 iurisiuran
806 1343 813 1356 '
842 1340 1026 1424 violatores,
1056 1341 1241 1430 sacrilegos,

101 1429 310 1493 dominorum
332 1447 465 1493 suorum
486 1423 739 1514 apostolicorum
766 1435 914 1508 tortores,
943 1435 1100 1514 raptores,
1127 1449 1242 1495 secun·
1290 1484 1295 1496 .

53 1532 56 1537 ·
101 1512 182 1579 dum
209 1511 340 1579 decreta
368 1513 599 1600 imperatorum
628 1510 859 1594 Romanorum,
889 1511 1071 1597 lastiniam,
1099 1512 1243 1580 Valenti·

100 1599 199 1682 niani,
221 1596 399 1664 Theodosii
421 1606 453 1662 et
474 1607 685 1680 caeterorum,
714 1595 842 1678 cecidit,
870 1595 1039 1684 iugulavit,
1063 1597 1242 1686 stupendit,

100 1696 135 1750 et
164 1682 261 1749 exilio
290 1680 463 1770 relegavit,
495 1703 580 1770 quae
613 1682 641 1747 si
673 1702 740 1747 non
770 1681 900 1764 faceret,
931 1682 976 1748 im
1001 1684 1063 1766 ius,
1092 1685 1243 1768 iniustus,

105 1766 258 1852 erudelis,
285 1779 444 1856 tyrannus
472 1777 567 1835 esset.
617 1766 731 1833 Palam
761 1776 818 1851 est,
847 1766 935 1857 quod
964 1704 1183 1856 derengarius
1211 1780 1245 1837 et

101 1852 301 1920 Adelbertus
323 1854 375 1918 sui
395 1850 515 1920 milites
537 1853 654 1936 effecti,
675 1875 816 1941 regnum
830 1851 980 1919 Italicum
998 1866 1127 1944 sceptro
1142 1875 1243 1921 aureo

102 1961 146 2006 ex
167 1939 237 2006 eius
258 1959 358 2004 manu
385 1948 627 2026 susceperant1,
661 1947 694 2005 et
714 1938 921 2027 presentibus
951 1941 1053 2006 servis
1082 1941 1157 2023 tuis,
1209 1941 1245 2007 ui

101 2045 189 2091 nunc
210 2046 315 2113 usque
336 2034 511 2111 supersunt
531 2035 565 2090 et
584 2023 647 2089 bae
667 2023 703 2089 in
725 2024 856 2091 civitate
878 2022 1011 2125 degunt,
1034 2026 1201 2093 iureiuran
1225 2047 1244 2092 ο

102 2108 202 2176 fidem
222 2111 451 2198 promiserunt.
494 2108 540 2176 Et
561 2110 648 2198 quia,
675 2131 738 2198 sug
779 2122 869 2176 rente
896 2108 1036 2193 diabolo,
1066 2109 1150 2177 hano
1172 2132 1245 2262 per·

101 2194 167 2261 fide
187 2193 360 2277 violarunt,
382 2195 468 2260 iuste
489 2193 575 2279 illos,
626 2195 698 2260 uasi
750 2205 909 2261 esertores
939 2196 1068 2285 sibique
1097 2194 1175 2263 rebe
1199 2218 1245 2279 es,

42 2325 45 2330 -
101 2301 204 2430 pegae
225 2280 384 2395 privavit3
407 2278 497 2368 quod
510 2280 557 2346 ita
572 2217 709 2347 nultius
724 2277 786 2347 tibi
800 2290 833 2346 et
846 2278 1055 2368 postmodnm
1070 2279 1246 2348 rebellibus
1345 2358 1347 2363 ¹

118 2387 249 2432 aceres.
837 2384 841 2388 ·
870 2409 872 2414 ·

188 2450 219 2516 6.
253 2449 332 2518 ‘Sed
352 2454 437 2534 non',
459 2451 514 2533 ait,
537 2448 717 2516 ‘Adelberti
739 2448 802 2515 hoc
821 2449 995 2551 profitetur
1015 2448 1147 2517 miles’2.
1182 2449 1247 2518 Oui

101 2537 253 2624 inquam:
279 2536 329 2603 ‘Si
350 2557 443 2602 secus
465 2533 596 2617 dixerit,
617 2556 765 2601 meorum
786 2534 904 2625 abquis
923 2534 1074 2621 militum,
1097 2538 1125 2602 si
1140 2534 1245 2621 iubes,

103 2643 186 2706 eras,
208 2623 255 2688 ita
275 2643 346 2689 rem
367 2643 449 2704 esse,
480 2619 588 2689 duello
614 2620 802 2688 declarabit
854 2620 953 2705 Esto',
979 2622 1095 2710 inquit,
1123 2620 1247 2689 ‘fecerit

104 2706 195 2791 haec,
217 2718 254 2773 ut
273 2707 333 2790 ais,
355 2707 449 2773 iuste.
492 2706 590 2772 Nunc
612 2727 672 2771 eur
691 2706 821 2807 imperii
841 2708 946 2772 nostri
960 2709 1137 2774 terminos*
1160 2704 1245 2775 bello
1257 2735 1367 2783 ‘serm

104 2791 323 2894 incendioque
350 2813 524 2879 agffressus
554 2793 605 2875 sit,
633 2791 763 2892 expedi.
812 2790 921 2857 Amici
943 2813 1082 2874 eramus,
1110 2793 1246 2861 societa-

103 2889 237 3029 ppmque
269 2841 541 2961 indissolubilem,
575 2879 699 2964 nuptiis
732 2878 947 2965 interpositis,
980 2876 1089 2946 facere
1122 2878 1246 2966 cogita·

106 2985 233 3029 amus.

192 3050 222 3115 7.
255 3045 409 3130 Terram',
430 3048 466 3112 in
489 3069 533 3112 ua
568 3053 710 3134 ,‘quam
723 3047 853 3135 imperii
874 3049 923 3114 tui
938 3069 1009 3114 esse
1024 3069 1146 3132 nemas,
1165 3070 1246 3135 gens

106 3131 213 3200 incola
235 3144 269 3200 et
295 3131 410 3219 lingua
434 3068 543 3199 ltdiei
568 3133 662 3219 regni
692 3155 764 3199 esse
792 3131 944 3199 declarat.
996 3133 1247 3221 Tenueruntque

104 3218 195 3285 illam
224 3219 418 3308 potestative
445 3216 670 3306 Langobardi3
705 3239 802 3306 quam
830 3228 863 3284 et
889 3216 1087 3302 Lodovicus,
1118 3218 1248 3306 Lango-

104 3304 284 3371 bardorum
305 3326 366 3370 seu
387 3303 590 3370 Francorum
611 3308 797 3404 imperator,
821 3301 861 3368 de
884 3325 984 3369 manu
1000 3302 1247 3388 Saracenorum,

105 3389 314 3457 multitudine
334 3399 507 3478 prostrata,
528 3387 710 3456 liberavrt⁸.
755 3388 821 3455 Sed
844 3398 877 3455 et
896 3387 1123 3477 Landulphus,
1145 3388 1249 3456 Bene·

106 3485 322 3542 ventanorum
344 3488 377 3542 et
406 3471 639 3576 Captianorum
660 3475 829 3562 princeps,
857 3475 1025 3575 septennio
1054 3475 1249 3562 potestative

105 3582 180 3627 eam
202 3559 264 3626 sibi
287 3559 506 3647 subiugavrt⁴.
549 3559 621 3626 Nee
642 3580 663 3624 a
684 3559 848 3627 servitutis
867 3582 937 3627 erus
952 3581 1010 3626 seu
1025 3581 1249 3626 successorum
1312 3646 1315 3650 ἡ

105 3688 130 3743 a)
147 3701 162 3732 a
177 3679 200 3732 te
217 3689 315 3733 &adso
330 3690 387 3732 coar.
405 3689 544 3731 Giasbmla
605 3688 631 3742 b)
646 3689 767 3732 dominum
783 3688 806 3731 0.

84 3795 86 3798 ·
109 3785 139 3855 1)
158 3789 238 3840 Anno
258 3787 314 3840 961
339 3788 479 3855 Augustas
505 3789 534 3839 in
560 3785 677 3855 concilio
696 3787 779 3839 totius
798 3787 886 3853 regni.
962 3785 994 3854 2)
1014 3786 1057 3839 De
1078 3801 1131 3854 qno
1153 3784 1189 3838 ei.
1208 3786 1249 3837 iu·

106 3862 150 3914 rra
170 3878 194 3916 c.
209 3863 254 3915 29.
312 3860 343 3930 3)
362 3863 444 3915 Bario
472 3862 628 3914 civitatee
649 3859 702 3911 atr
725 3867 889 3929 expugnata,
909 3875 991 3928 quam
1011 3860 1110 3915 Graeci
1130 3860 1250 3913 Decem·

41 3973 47 3979 -
107 3936 152 3988 bri
176 3953 271 3990 mense
296 3953 322 3990 a.
347 3936 401 3988 879
427 3940 641 4010 occupaverunt.¹
715 3931 746 4002 4)
762 3933 887 3987 Eundem
909 3933 1076 3987 Landolinm
1099 3935 1251 4003 principem

109 4013 326 4080 potentissimum
349 4008 526 4080 (ara-att)
549 4014 670 4079 spectet,
696 4010 743 4077 qni
763 4009 915 4063 Saracenos
938 4023 957 4060 a
980 4008 1120 4063 Gariliano
1142 4006 1252 4076 ¹expulit

110 4084 159 4151 (ei.
180 4084 330 4156 Antap.,11
350 4102 376 4140 c.
395 4087 441 4138 bl.
462 4086 505 4138 62.
525 4084 566 4137 1v
586 4098 610 4135 e.
627 4079 666 4151 8).
695 4082 770 4136 Huic
789 4098 806 4135 a
826 4081 926 4136 cosma
945 4085 1071 4152 patricio,
1090 4084 1213 4137 Romano
1227 4081 1252 4134 l:

110 4160 593 4303 tt‘mtttttttttttt
609 4159 724 4285 titt
741 4163 1096 4285 ttttttttttt
1115 4156 1251 4285 ttttt

110 4250 451 4378 rilmel'llptyrogennttls
471 4272 542 4362 luno
562 4269 731 4359 attrebati
750 4248 806 4372 (lips
827 4307 920 4359 aerim.
940 4305 1020 4359 aulae
1040 4307 1106 4374 Byr.
1127 4306 1157 4358 11
1177 4323 1201 4358 e.
1215 4306 1252 4356 44
1344 4349 1348 4362 ,

109 4405 137 4456 p.
159 4387 222 4453 660,
243 4386 278 4440 ci.
298 4384 333 4438 de
353 4387 425 4439 adm.
443 4387 509 4454 imp.
531 4401 555 4437 c.
576 4381 686 4434 61-δῖ
706 4399 733 4450 p.
755 4379 832 4449 tta).
886 4450 890 4460 Ι
