2932 4718
219 248 254 301 82
353 266 357 272 ·
386 245 902 303 umbrasumsurseonosls.
940 247 1013 303 mu.
1033 249 1073 304 ΙΙ.
1111 251 1194 303 7-9.

157 449 209 494 aa,
217 417 352 486 reduxi.
394 418 480 485 Tum
502 440 537 486 se
558 418 641 496 istuc
664 416 836 486 advenime
858 416 971 486 delens
993 429 1025 488 et
1046 419 1219 487 Hattonis·
1241 419 1355 488 dolum

106 527 170 582 seps
186 528 207 573 a
218 502 309 572 tarde
323 502 520 572 intellexisse
535 503 701 589 suspirans
734 513 804 569 tam.
815 504 937 571 invitus
952 503 1182 592 spiculatorem
1196 507 1353 595 sequutum,

217 611 316 679 quam
337 586 474 657 libenter
494 588 627 673 viveret,
649 588 678 654 ai
699 550 811 656 liceret
823 599 844 654 ¹.

163 688 207 746 (4.)
302 677 332 742 7.
365 675 483 742 Paucis
502 673 603 760 igitur
622 673 819 762 interpositis
840 675 943 757 annis,
965 696 1039 742 cum
1053 675 1160 744 nullus
1176 688 1272 764 esset,
1295 677 1353 767 qui
1456 689 1463 714 ‘

154 749 250 829 ⁸⁰⁸·iu
281 758 428 828 orientali
457 757 633 828 australive
664 756 762 910 plage
795 757 973 848 Hungariis
1006 763 1169 830 resisteret
1202 799 1244 813 -
1276 785 1354 830 nam

214 843 444 932 Bulgariorum
457 853 589 932 gentem
605 854 704 944 atque
751 865 900 912 cecorum
914 846 1118 914 tributariam
1131 846 1295 917 feceraut¹
1312 886 1353 900 -
1459 876 1464 884 ’

214 952 256 997 ue
304 930 363 997 uid·
389 931 596 1019 inexpertum
624 928 674 996 lus
706 938 800 1013 esset,
833 952 917 1018 quae
949 931 1010 998 sub
1041 932 1221 1000 meridiano
1253 943 1287 1003 at
1310 955 1352 1002 ue

215 953 407 1085 occidentali
436 1015 591 1102 degerent
623 1012 751 1081 climate
782 1015 893 1082 visere
919 1026 1070 1107 satagamt
1098 1018 1255 1085 nationes.
1338 1059 1352 1073 ·

87 1122 92 1131 ·
214 1124 327 1170 menso
360 1103 471 1203 itaque
505 1099 796 1188 innumerabilique
828 1099 963 1168 collecto
996 1103 1157 1186 exercitu,
1196 1105 1351 1186 miseram

213 1197 329 1277 petunt
348 1185 486 1254 Italiam.
531 1184 680 1274 Oumque
701 1185 794 1250 iuxta
814 1183 951 1253 dunum
964 1186 1122 1254 Brentam
1143 1186 1260 1255 defixis
1282 1197 1351 1256 tan·

214 1271 485 1357 toriolis,‘immo
525 1268 727 1352 centonibus,
768 1270 876 1338 triduo
912 1270 1173 1361 exploratoribus
1205 1273 1349 1359 dirceus,
1437 1344 1442 1348 ,

214 1367 320 1425 terrae
341 1357 438 1424 situm
483 1357 629 1445 undeque
658 1353 898 1423 multitudinem
920 1378 979 1425 seu
993 1359 1163 1425 vraritatem
1183 1358 1349 1427 consede

213 1452 353 1527 rarenu,
374 1380 606 1532 repedantibus
627 1442 749 1506 nuntiis
769 1440 955 1509 huiuamodi
974 1464 1132 1531 responsa
1150 1445 1348 1547 suscipiunt:

214 1526 379 1595 ‘Planities
401 1526 461 1594 heo
480 1523 644 1594 nonnullis
665 1525 762 1616 plena
783 1526 968 1610 colonobus,
990 1549 1067 1612 uno,
1089 1539 1127 1596 ut
1140 1529 1281 1614 cernitis,
1296 1551 1349 1599 ,ex

213 1611 314 1681 latere
335 1612 500 1680 montibus
522 1612 709 1700 asperrimis
736 1621 835 1700 atque
854 1611 1025 1699 fertilibus,
1053 1611 1153 1681 altero
1174 1615 1258 1681 mari
1280 1615 1348 1682 cin·

238 1697 504 1786 'tur-Adriati003
527 1697 626 1787 opida
646 1718 723 1764 vero
746 1719 820 1764 cum
842 1696 1004 1781 nonnulla,
1027 1708 1096 1766 tum
1122 1700 1347 1772 munitissima.

244 1793 259 1851 t
278 1786 384 1871 gentis
407 1804 605 1872 quamquam
631 1784 797 1869 ignoretur
822 1781 1014 1849 inbecillitas
1041 1796 1098 1851 aut
1112 1783 1277 1870 fortitudo,
1299 1788 1347 1852 in·

213 1891 326 1936 mensa
346 1880 455 1936 tamen
477 1869 677 1958 conspicitur
696 1867 878 1934 multitudo.
921 1868 1037 1957 Neque
1059 1868 1146 1937 enim
1160 1879 1227 1936 tam
1242 1872 1346 1959 copiis

191 1955 328 2043 paucis
348 1953 484 2041 aggredi
511 1952 595 2019 banc
623 1952 799 2019 hormmur.
848 1953 971 2019 Verum
999 1975 1073 2020 cum
1101 1953 1255 2023 nonnulle
1283 1955 1349 2022 sint

212 2036 1348 2212 maiiiau‘li‘iniiipiiiiitiliiimdiiiiimiiiii

212 2209 373 2277 desiderio
395 2172 578 2297 fatigamur,
609 2230 692 2296 quae
719 2208 773 2274 hic
798 2218 847 2276 tot
867 2209 985 2292 insunt,
1006 2147 1096 2297 lipuot
1117 2219 1183 2277 toto
1207 2148 1246 2276 in
1268 2212 1347 2280 orbe

211 2316 273 2362 nec
286 2293 427 2361 vidimus
441 2315 502 2362 nec
519 2293 632 2360 videre
651 2294 869 2382 speravimus,
890 2293 984 2361 nobis
1004 2304 1114 2362 tamen
1135 2294 1290 2362 consultis
1306 2334 1347 2348 -

212 2401 319 2469 neque
342 2380 429 2446 enim
450 2377 584 2466 longum
598 2378 779 2445 arduumve
793 2379 959 2446 remeandi
973 2380 1035 2446 iter
1048 2390 1106 2463 est,
1129 2380 1217 2469 quod
1232 2379 1347 2449 decem

205 2475 319 2553 potest
348 2474 381 2531 et
412 2485 451 2531 eo
483 2466 591 2530 minus
622 2462 736 2530 diebus
766 2464 881 2552 perfici
910 2502 945 2515 -
977 2475 1188 2550 revertemur,
1208 2474 1347 2533 venturo

214 2551 366 2701 quietinus
393 2570 478 2723 uerte}l
504 2547 654 2699 omhpibus
687 2556 953 2700 genttiemrpppitlrlae
966 2548 1150 2702 tddueefiis
1163 2549 1346 2704 fordwfftis
1373 2583 1376 2588 ·

211 2656 519 2717 reeamus,s1ue
575 2655 790 2700 scummo
926 2657 945 2701 a
1057 2656 1347 2702 nosrmm·

211 2720 323 2788 tudine
341 2718 461 2787 terror’.

297 2805 353 2871 8.¹'
385 2804 455 2871 Nec
485 2825 586 2887 mora,
612 2803 663 2871 his
692 2804 810 2871 auditis
838 2804 882 2871 ad
902 2806 1035 2894 propria
1061 2814 1276 2889 revertuntur,
1299 2815 1345 2874 to

212 2900 343 2979 tamque
365 2888 480 2958 hiemis
502 2913 538 2956 as
563 2890 709 2956 critatem
730 2891 765 2954 in
785 2889 984 2956 fabricandis
1003 2892 1113 2970 armis,
1135 2891 1170 2957 in
1187 2891 1343 2958 acuendis

211 2974 356 3063 spiculis,
378 2976 413 3040 in
435 2913 591 3042 docendis
604 2973 782 3041 iuvenibus
804 2972 881 3042 belli
901 2976 1065 3059 noticiam,
1088 2975 1221 3045 ducunt.

153 3073 203 3116 0⁰⁹·
298 3062 329 3127 9.
364 3060 421 3127 Sol
442 3060 583 3127 necdum
610 3060 730 3147 piscis⁰
760 3060 890 3146 signum
919 3060 1071 3127 deserens
1111 3062 1220 3127 arietis
1249 3082 1345 3130 oucu-

211 3145 320 3297 pabat,
354 3168 430 3212 cum
465 3146 611 3213 inmenso
643 3156 739 3246 atque
772 3143 999 3212 innumerabili
1031 3109 1166 3213 collecto
1199 3147 1345 3215 exercitu

228 3230 339 3297 taliam
371 3240 515 3320 petuntt,
548 3227 765 3319 Aquilegram,
798 3230 971 3314 Veronam,
1010 3231 1241 3298 munitissimas
1273 3253 1345 3321 per·

212 3325 378 3383 transeunt
399 3317 558 3398 civitates,
581 3324 614 3381 et
635 3314 798 3395 Ticinum,
827 3337 911 3404 quae
940 3337 1027 3383 nunc
1055 3314 1118 3382 alio
1145 3315 1346 3384 exellentiori

210 3402 314 3490 Papia
343 3410 472 3468 notatur
499 3399 669 3483 vocabulo,
699 3399 795 3465 nullis
824 3400 1046 3468 resistentibus
1075 3402 1220 3467 veniunt
1271 3401 1345 3469 Rex

210 3487 310 3574 igitur
330 3485 545 3574 Berengarius
560 3494 628 3551 tarn
642 3484 824 3572 preclarum
838 3507 1024 3574 novumque
1045 3486 1172 3553 facinus
1195 3522 1236 3537 -
1257 3496 1345 3554 aute·

210 3678 234 3731 a)
251 3681 344 3723 hatonis
361 3683 381 3723 1.
442 3680 465 3731 b)
483 3681 522 3721 loc
537 3686 603 3732 caput
616 3690 662 3721 aaa
677 3680 821 3730 aasentias
837 3682 858 3723 1.
920 3678 941 3731 c)
959 3681 1043 3732 plssctr
1060 3682 1080 3722 1.

213 3841 241 3912 1)
262 3843 369 3896 Similia
389 3842 424 3895 de
440 3841 583 3894 Adalberti
602 3841 735 3911 supplicio
755 3843 865 3895 tradunt
884 3858 918 3894 ex
936 3859 1041 3895 rumore
1061 3841 1186 3910 populari
1198 3841 1344 3895 widukin·

211 3917 261 3971 dus
287 3918 354 3986 (Res
381 3923 475 3984 gestae
495 3917 595 3969 Sason.
615 3918 637 3978 Ι,
658 3933 681 3968 e.
703 3915 760 3984 22),
780 3917 950 3969 Thietmarus
973 3916 1085 3982 (chron.
1106 3918 1128 3979 Ι,
1148 3932 1172 3969 e.
1192 3912 1232 3982 4),
1250 3915 1344 3968 Eklre·

210 3992 310 4046 harim
321 3993 361 4045 IV
371 3992 470 4061 (Casus
481 3991 509 4044 S.
521 3991 603 4054 Galli,
616 3991 665 4044 SS.
676 3991 712 4055 11,
723 3990 779 4055 83),
794 3993 858 4044 Otto
871 3992 1054 4059 Frisiagensis
1068 3989 1181 4058 (chron.
1192 3990 1240 4054 VI,
1252 4005 1277 4043 c.
1291 3988 1346 4056 lo).

211 4064 240 4134 2)
259 4067 377 4120 Primam
397 4068 426 4119 iu
445 4067 587 4135 imperium
607 4065 772 4118 Graecorum
798 4067 973 4134 irruptionem
992 4066 1128 4133 Hungarii
1145 4079 1217 4117 anno
1237 4063 1346 4118 demum
1451 4117 1460 4135 ,

210 4141 265 4194 984
284 4141 416 4195 iecerunt.
484 4138 515 4208 3)
535 4143 554 4194 i.
574 4157 608 4209 er
619 4139 831 4193 considerarent.
901 4139 931 4206 4)
950 4139 1010 4192 Nou
1028 4140 1135 4203 Martio,
1154 4137 1204 4192 sed
1223 4140 1346 4208 Augusto

210 4231 311 4281 mense,
339 4218 363 4269 si
390 4217 518 4270 chronico
545 4214 733 4268 Nonantulano
759 4213 826 4268 fides
852 4213 979 4268 habenda
1004 4220 1054 4278 est,
1079 4213 1216 4282 Hungarli
1235 4212 1346 4269 Italiam

210 4291 373 4345 invaserunt.
725 4298 731 4310 “
