2932 4718
259 247 295 300 38
403 247 637 302 amomum
655 244 922 301 masonosm.
959 245 1034 300 nm.
1054 245 1110 298 111.
1147 243 1270 297 32-35.

193 433 247 496 ⁹1⁹„
258 439 301 486 ex
322 415 482 485 industria
503 439 525 483 a
544 427 577 483 te
599 439 666 483 non
686 412 916 504 diligentibus,
943 415 1045 481 immo
1071 413 1168 482 hodio
1195 411 1414 500 habeantne,

256 501 445 592 impleatur,
475 523 551 569 eum
576 511 614 567 tu
638 501 748 590 potius
770 500 925 583 occidito,
947 497 1251 589 atqueimperialia
1272 509 1403 588 sceptra

258 588 446 676 suscipito⁸.
493 584 592 669 Quod
613 587 683 653 sine
697 583 861 669 dilatione,
883 607 958 652 cum
972 595 1095 652 terrore
1111 582 1310 674 compulsus,
1331 595 1402 651 tum

257 669 622 825 emutat
638 667 1025 825 {diffinttpll‘
1068 668 1144 736 ¹³⁰⁰
1171 670 1283 759 ,„„
1304 669 1403 738 im·

343 805 397 908 33
429 839 519 908 De‘ni
541 862 583 908 ue
611 778 714 930 phu-vo
746 850 912 918 uansacto
944 848 1105 928 tempore,
1137 837 1213 906 huic
1246 837 1400 906 dominus

257 935 368 995 noster
393 925 487 995 Iesus
510 863 659 994 &sutus
680 947 740 1014 per
766 925 929 992 visionem
955 923 1121 1026 apparuit,
1151 922 1274 991 domini
1303 923 1401 991 huius

256 1011 462 1105 imperatoris
488 1009 683 1093 dexteram,
720 1010 813 1076 cuius
849 1008 902 1076 hic
938 1029 1028 1076 necis
1063 1019 1178 1109 auctor
1213 1009 1403 1110 extiteratl,

257 1108 389 1180 tenens,
418 1117 559 1184 eumque
587 1096 634 1163 ita
661 1095 871 1162 conveniens:
893 1091 1020 1178 ‘Besili,
1046 1105 1084 1161 ut
1110 1091 1190 1182 qurd
1210 1091 1404 1161 interfecisti

259 1181 428 1248 dominum
454 1189 548 1269 tuum
575 1178 662 1246 hunc
688 1178 902 1247 Michahelcm
930 1177 1190 1268 imperatorem?
1233 1173 1403 1267 Exporge-

258 1264 365 1332 iactus
393 1265 519 1356 itaque,
540 1265 693 1337 'tantiae
718 1286 823 1332 reum.
839 1266 932 1331 novit
960 1286 1031 1331 esse
1052 1272 1171 1347 reatos,
1193 1284 1337 1353 moxque
1358 1263 1402 1330 ad

259 1373 330 1418 sese
350 1349 491 1434 rediens,
534 1349 602 1416 uod
623 1371 721 1452 super
741 1348 804 1417 hoc
825 1349 954 1450 faceret,
977 1349 1154 1438 cogitabat.

145 1467 187 1521 ’μ
197 1467 249 1511 uo.
344 1437 358 1464 '
367 1435 419 1502 34.
442 1373 650 1503 Oculorum
663 1445 774 1536 utaque
787 1433 850 1501 hac
865 1435 989 1534 dommi
998 1456 1058 1523 per
1072 1432 1265 1536 prophetam
1279 1431 1403 1500 salubri

156 1527 249 1641 31⁸3}
260 1530 292 1587 et
312 1543 389 1588 vere
408 1519 601 1622 acceptabili
622 1540 845 1608 promissione,
868 1539 1022 1608 quomam
1044 1525 1052 1560 ⁴
1075 1541 1110 1584 m
1125 1539 1333 1607 quacumque
1349 1516 1403 1584 die

259 1615 414 1694 peccator
434 1605 642 1693 ingemuerit,
672 1603 781 1671 salvus
803 1606 883 1689 erit’,
910 1626 985 1670 cum
1006 1602 1149 1671 lacrimis
1171 1614 1205 1671 et
1225 1603 1401 1691 gemitibus

260 1713 296 1756 se
317 1702 533 1778 peccatorem,
556 1712 591 1782 se
613 1690 781 1778 sanguinis
802 1691 982 1757 innocentis
1005 1689 1178 1755 effluerem
1199 1710 1281 1772 esse,
1303 1686 1402 1754 confi·

235 1775 397 1842 ·tebatur.
454 1775 548 1843 Bono
590 1785 701 1842 autem
742 1772 876 1841 consilio
913 1784 1065 1858 acceto,
1102 1775 1225 1840 amicos
1262 1773 1326 1840 sibi
1360 1771 1402 1841 de

96 1867 153 1946 ³3⁰·
172 1868 207 1922 1⁸,
224 1867 247 1912 ⁹·
258 1880 412 1926 mamona
432 1861 611 1949 iniqnitatis
632 1859 792 1944 effecerat,
822 1869 861 1926 ut
882 1882 964 1948 quos
1019 1861 1049 1924 'c
1069 1855 1303 1947 temporalibus
1326 1859 1402 1926 sub

259 1945 348 2012 sidiis
371 1943 602 2028 consolaretur,
628 1966 742 2012 eonem
771 1945 926 2034 precibus
949 1944 992 2012 ab
1012 1953 1144 2012 aeterno
1165 1942 1334 2032 gehennae
1355 1942 1403 2008 in·

259 2029 375 2098 cendio
403 2027 603 2098 liberaretur.
654 2029 842 2096 Fabricavit
872 2039 983 2096 autem
1015 2030 1163 2117 precioso
1196 2038 1230 2095 et
1261 2026 1403 2095 mirabili

259 2136 358 2203 opere
378 2115 473 2198 iuxta
493 2113 664 2202 palatium·
673 2116 829 2182 orientem
850 2136 965 2180 versus
987 2113 1158 2182 ecclesiam
1182 2114 1217 2179 in
1244 2112 1402 2180 honorem

259 2201 380 2285 summi
407 2211 440 2268 et
468 2199 596 2267 celestis
625 2199 760 2266 militiae
788 2200 968 2288 principis⁶
992 2209 1030 2270 st
1060 2195 1259 2300 archangeli·
1277 2195 1402 2264 Micha-

257 2283 351 2368 helis,
374 2285 432 2374 qui
489 2307 551 2352 ¹cce
565 2283 818 2371 archistratigos,
839 2282 903 2351 hoc
917 2293 969 2351 est
982 2283 1123 2350 miliciae
1143 2303 1297 2372 princeps
1316 2279 1403 2372 apel·

257 2369 353 2438 laur.
396 2368 580 2437 Eccesiam
607 2380 717 2437 autem
746 2370 852 2458 ipsam
878 2390 978 2453 nean,
1012 2367 1075 2435 hoc
1104 2380 1153 2436 est
1180 2389 1317 2451 nomm,
1346 2365 1402 2433 alii

258 2461 393 2539 vocant,
423 2454 478 2521 alii
506 2477 585 2523 vero
614 2477 753 2538 ennean,
784 2453 873 2542 quod
902 2463 1014 2521 nostra
1045 2452 1158 2555 lingua
1185 2451 1402 2521 novennalem

261 2549 355 2607 sonat
359 2589 371 2640 7
401 2539 555 2629 apellant,
585 2561 624 2608 eo
654 2539 742 2628 quod
770 2539 896 2607 ibidem.
924 2537 1219 2607 aeclesiasticorum
1247 2537 1401 2605 horarum

260 2625 412 2692 mschma
431 2646 551 2692 novem
572 2623 702 2727 pulsata
721 2620 839 2691 ictibus
863 2629 967 2691 sonet
1214 2709 1220 2724 ι

208 2710 399 2862 “laod
419 2705 1402 2882 ltffltttttstltlttt'tlttt{tlttlt

260 2879 417 2946 ‘Romane
449 2877 616 2966 dignitatis
657 2879 843 2963 archontes,
875 2879 910 2945 id
943 2890 993 2946 est
1025 2879 1132 2966 princi
1197 2927 1207 2962 ,
1246 2880 1402 2967 quonism

258 2962 352 3031 vobis
375 2962 530 3030 consultis
552 2985 619 3030 non
640 2963 755 3046 solum,
776 2964 922 3066 inquam,
944 2975 1037 3051 pater
1057 2964 1125 3030 vas‘
1152 2983 1208 3029 eos
1230 2985 1304 3030 sum
1326 2984 1403 3030 con-

260 3049 400 3131 stitutus,
423 3070 537 3115 verum
559 3050 658 3116 etiam
680 3049 878 3115 sanctissimi
905 3050 1111 3137 imperatoris
1138 3046 1288 3115 fidelitati
1311 3047 1402 3136 glau-

259 3135 352 3222 copis
371 3131 532 3216 Helenae,
563 3133 597 3200 id
625 3144 676 3200 est
696 3133 816 3200 virides
839 3133 951 3200 oculos
976 3130 1142 3217 habentis,
1172 3135 1401 3200 coniunctione

260 3218 406 3306 sotiatus,
428 3218 491 3285 hoc
512 3217 623 3308 aliquo
644 3218 821 3306 imperialis
844 3229 976 3286 ornatus
996 3217 1112 3286 inditio
1135 3219 1310 3286 monstrari
1331 3217 1402 3308 dig·

258 3324 339 3368 num
360 3325 434 3370 reor
455 3305 490 3369 in
512 3326 551 3370 co
594 3326 660 3386 ore,
684 3305 772 3392 quod
793 3302 976 3371 celebratur
996 3325 1017 3368 a
1063 3303 1170 3393 opulis
1192 3325 1235 3370 ex
1262 3303 1402 3392 dignita·

259 3387 301 3453 tis
322 3388 472 3455 nomine'.
515 3389 556 3454 Iu
581 3391 702 3456 ‘catum
728 3388 868 3478 denique
895 3412 915 3455 a
970 3410 1012 3477 op
1048 3391 1325 3478 ocommunique
1346 3387 1403 3456 ds·

259 3482 384 3539 cretum
406 3483 457 3538 est
478 3471 630 3557 consilio,
653 3484 689 3539 ut
711 3474 790 3562 quia
809 3485 919 3540 tantae
941 3412 1109 3560 dignitatis
1132 3484 1218 3560 erat,
1240 3485 1274 3541 et
1292 3472 1402 3541 leuco-

258 3554 370 3640 lenon‚
397 3558 433 3625 id
462 3566 511 3624 est
531 3555 607 3624 alba
629 3556 779 3641 brachia,
809 3557 959 3626 Helenen
988 3557 1088 3624 filiam
1116 3580 1209 3624 suam
1238 3555 1401 3648 imperiali

259 3641 417 3730 dignitate
444 3642 627 3731 copularat,
654 3642 893 3710 rubricatarum
919 3641 1052 3732 pellium
1083 3643 1218 3732 caligis,
1239 3654 1277 3710 ut
1305 3641 1401 3710 isthic

258 3728 493 3827 imperatorum
525 3729 624 3794 moris
661 3741 725 3812 est,
763 3731 937 3796 uteretur1.
988 3727 1055 3796 Sed
1082 3751 1144 3797 nec
1172 3727 1235 3795 hoc
1268 3728 1401 3817 quidem

259 3821 337 3878 satis
359 3813 390 3880 ei
412 3814 518 3878 visum
539 3812 611 3879 fuit.
654 3813 818 3902 Equidem
840 3825 916 3902 post
936 3816 1033 3881 unius
1055 3815 1133 3880 anui
1155 3815 1294 3898 sinaxin,
1326 3833 1400 3881 cum
1447 3891 1451 3897 ¹

259 3973 282 4085 m)
306 3977 334 4076 {pl
352 3976 392 4076 tpp
407 3988 463 4076 poca
483 3978 562 4018 Metuit
583 3977 649 4018 codes
668 3977 718 4018 use.
741 3979 860 4019 Ucacrm
886 3979 1005 4020 mnemon.
1027 3980 1056 4024 N.
1080 3981 1134 4022 400.
1219 3980 1243 4032 b)
1267 3981 1355 4024 exttret
1377 3981 1400 4024 1.

259 4045 271 4074 c
298 4045 313 4086 p
335 4044 367 4086 up
420 4067 426 4078 .

261 4183 288 4250 1)
308 4183 342 4238 τὰ
360 4180 524 4256 ὑποδήματα
544 4183 647 4258 bonoso
666 4182 728 4258 ἤτοι
746 4181 853 4242 κόκκινα
873 4192 980 4257 insigne
1001 4197 1077 4244 erant
1097 4194 1292 4260 imperatorum
1313 4193 1397 4247 Grae·

257 4275 359 4327 corum,
374 4262 408 4313 cf.
424 4261 592 4316 constantin.
606 4261 640 4315 de
655 4265 748 4316 carim.
761 4263 841 4316 aulae
855 4265 998 4331 Byzanti
1021 4281 1044 4317 c.
1059 4267 1103 4330 96,
1120 4284 1146 4335 p.
1160 4267 1215 4318 434
1230 4266 1275 4320 ed.
1285 4266 1398 4322 Reuss.
