2932 4718
259 271 490 325 LIUDPRANDI
509 268 776 325 maroveus.
814 268 888 324 Lm.
907 269 946 325 11.
986 269 1106 324 66-69.
1219 272 1254 324 bl

113 440 306 593 {ciqfaqqto
334 441 622 593 victoriagapirffio,
645 437 795 593 colligere
817 438 1145 592 spoliaqqitpgebent,
1177 464 1317 512 cumen.

113 548 185 678 hdbn
194 548 308 679 tuntb1⁸
312 539 435 679 lebtiqube
444 620 567 701 quanto
594 535 794 698 ibsbpdblstlitds
808 549 1015 680 edbultlildbunt
1030 536 1255 701 prppffi

114 695 295 764 Gariardus
309 695 482 782 nonnullis,
502 696 597 766 hasta
610 719 666 763 eos
688 706 722 764 et
733 717 800 763 non
820 696 908 764 ferro
928 697 1127 786 percutiens·
1149 697 1255 766 Bone·

112 781 210 849 latius
224 804 302 849 vero
317 781 397 849 nulli
410 805 557 871 parcens,
579 783 760 849 inmensam
782 781 905 850 fecerat
919 793 1070 870 stragem.
1114 747 1256 873 bignum

112 869 222 1020 ffiue
244 868 401 936 victoriae
422 867 619 936 Bonelacius
639 880 824 956 concrepat,
846 869 1110 971 conveniuntque
1132 870 1256 1042 qq?

186 951 348 1041 ulfiparte
359 953 564 1042 aufugerant,
576 962 873 1043 persequentesque
884 954 1129 1042 Berengancos,
1222 978 1257 1022 m

112 1035 184 1106 illos
210 1039 293 1106 inire
322 1039 492 1128 cogebant
536 1039 621 1106 Bere
705 1042 756 1105 ‘us
785 1060 863 1106 vero
889 1038 933 1105 ad
959 1060 1026 1106 non
1051 1042 1254 1130 incognitum

112 1122 263 1192 Veronae
285 1126 431 1213 perrexit
451 1124 568 1191 asilum
581 1138 601 1190 ¹.
669 1133 746 1191 anta
768 1125 891 1214 quippe
912 1135 992 1192 tunc
1012 1124 1255 1194 interfectorum

79 1223 80 1226 ’
112 1209 344 1362 ἱιέξςθῒθωὶθθυι
366 1222 428 1296 est,
459 1222 497 1277 ut
523 1209 663 1277 militum
683 1232 790 1299 usque
812 1209 909 1278 hodie
938 1232 1118 1300 permagna
1138 1211 1255 1280 raritas

178 1317 217 1362 ea
291 1345 300 1362 .

197 1401 249 1467 67.
282 1397 345 1464 His
374 1399 421 1465 ita
446 1399 606 1487 peractis,
634 1421 771 1487 regnum
793 1398 857 1467 sibi
877 1420 938 1466 rex
957 1398 1119 1466 Rodulius
1140 1409 1255 1489 poten·

111 1485 235 1551 tissime
251 1481 448 1572 subiugavit,
463 1485 667 1585 Papiamque
682 1484 808 1551 concite
821 1484 966 1567 veniens,
981 1485 1254 1586 congregatisque

113 1567 282 1635 omnibus:
305 1567 501 1654 ‘Quoniam',
523 1572 639 1659 inquit,
669 1570 814 1658 ‘superni
835 1571 980 1636 muneris
1000 1568 1151 1659 largitate
1171 1569 1254 1638 mibi

112 1655 248 1744 contigit
275 1653 412 1720 devictis
434 1654 583 1721 hostibus
605 1655 698 1742 regni
728 1652 844 1721 solium
871 1654 1025 1745 adipisci,
1054 1675 1141 1722 nuuc
1162 1655 1255 1722 cordi

112 1748 170 1824 est,
191 1750 320 1807 vestrae
341 1763 394 1807 me
416 1763 555 1828 regnum
570 1739 721 1807 Italicum
742 1738 820 1807 fidei
841 1739 1079 1824 commendare,
1101 1740 1253 1831 Burgum·

112 1823 267 1913 diemque
312 1827 428 1892 atriam
450 1838 592 1893 veterem
615 1823 742 1892 visere'·
787 1823 851 1892 Oui
872 1848 951 1893 mox
972 1825 1161 1894 Italienses:
1205 1825 1252 1895 ‘Si

112 1909 237 1978 bonum
258 1847 339 1994 tibi',
360 1911 522 2000 inquiunt,
547 1910 694 1995 eructu,
716 1919 827 1999 presto
848 1915 982 1979 sumus'.

69 2047 71 2051 ·
196 2015 248 2082 68.
280 2015 387 2103 Igitur
432 2027 483 2082 ost
503 2013 635 2082 Rodulfi
654 2016 742 2103 regis
763 2014 962 2100 abscessum,
984 2013 1070 2081 malo
1084 2014 1314 2083 Veronen-sre
1438 2015 1444 2023 '

110 2122 161 2168 ses
175 2112 313 2190 eccepto
328 2038 474 2185 conubio,
485 2101 572 2168 vitae
586 2100 733 2167 insidiari
747 2098 941 2188 Berengarii
955 2099 1149 2186 moliuntur3
1162 2101 1251 2190 quod

109 2185 346 2274 Berengurium
360 2208 427 2253 uon
447 2185 550 2253 latuit.
594 2186 678 2252 Tam
700 2186 770 2252 sevi
788 2194 898 2252 autem
912 2197 1027 2253 auctor
1046 2207 1086 2253 ac
1105 2197 1253 2275 repertor

109 2271 262 2339 facinoris
288 2271 495 2340 Flambertus
527 2270 661 2360 quidam
690 2281 776 2356 erat,
807 2293 904 2360 quem
931 2270 1004 2356 sibi,
1033 2272 1188 2360 quoniam
1210 2293 1253 2338 ex

110 2368 318 2424 sacrosancto
341 2357 429 2425 fonte
450 2354 555 2423 filium
569 2358 640 2423 eius
656 2365 854 2444 susceperat,
876 2368 1077 2445 compatrem
1097 2379 1158 2424 rex
1179 2357 1253 2424 effe-

111 2452 234 2510 cerat⁸.
277 2442 389 2510 Pridie
417 2464 497 2510 vero
526 2465 626 2532 quam
647 2450 822 2542 pateretur,
851 2441 992 2509 eundem
1022 2440 1066 2507 ad
1088 2463 1123 2510 se
1143 2441 1252 2510 Flam-

109 2527 239 2595 bertum
260 2528 373 2596 venire
394 2528 550 2616 precepit
596 2525 659 2595 Our
681 2537 714 2594 et
735 2526 796 2593 sit:

195 2632 248 2699 69.
280 2632 329 2700 ‘Si
353 2631 434 2699 milri
459 2641 568 2699 tecum
596 2630 753 2698 hactenus
779 2651 846 2696 non
874 2641 907 2697 et
934 2628 1056 2697 multae
1085 2641 1119 2698 et
1145 2631 1250 2699 iustae
1260 2661 1318 2717 (ιι.)

110 2718 249 2785 consaeb
279 2717 399 2784 amoris
428 2728 555 2803 essent,
584 2737 716 2805 quoquo
746 2713 855 2800 modo,
882 2737 947 2818 que
969 2715 1064 2782 dete
1088 2714 1251 2802 dicuntur,

113 2802 222 2869 credi⁰
242 2814 387 2891 possent
429 2800 582 2869 Iusidiuri
603 2813 635 2868 te
656 2803 743 2869 vitae
765 2823 858 2868 meae
879 2811 987 2886 arunt3
1015 2799 1073 2868 sed
1101 2824 1168 2869 non
1190 2824 1208 2868 θ
1232 2824 1252 2869 o

112 2886 264 2954 credulus
284 2886 375 2955 illis⁴.
407 2887 596 2955 Meminisse
617 2896 726 2953 autem
748 2899 781 2953 te
802 2885 887 2988 volo,
910 2897 1172 2977 quantecumque
1192 2825 1253 2956 obi

102 2974 315 3055 ,occasiones
337 2984 370 3041 et
390 2973 539 3040 lomense
561 2980 594 3040 et
615 2972 781 3061 diguitatis
803 2971 937 3058 firerrnt,
968 2994 1024 3039 eas
1052 2982 1085 3039 te
1105 2996 1172 3040 nou
1192 2996 1251 3061 po·

111 3059 213 3124 tuisse
234 3060 299 3125 nisi
319 3060 401 3125 meis
422 3058 590 3127 beneficiis
613 3057 777 3146 consequi.
821 3056 918 3125 Unde
948 3068 981 3124 et
1001 3057 1064 3124 hoe
1085 3059 1195 3124 animo
1216 3058 1252 3123 in

110 3165 171 3209 nos
192 3166 264 3211 esse
286 3143 395 3229 debes,
417 3153 454 3210 ut
475 3143 618 3232 dignitas
638 3165 712 3209 mea
733 3144 769 3208 in
790 3164 901 3209 umore
922 3153 1020 3233 atque
1041 3144 1077 3208 in
1097 3141 1252 3211 fidelitate

111 3239 168 3295 tua
190 3231 427 3318 conquiesscat
470 3229 586 3318 Neque
607 3249 685 3295 vero
712 3229 866 3316 cuiquam
888 3226 1024 3296 salutem
1044 3249 1085 3295 ac
1105 3228 1253 3297 fortunas

111 3335 187 3380 suus
208 3325 318 3382 tantae
333 3336 429 3382 curae
446 3314 548 3382 fuisse
560 3335 718 3402 umquam
732 3323 824 3401 puto,
845 3315 959 3401 quanti
972 3312 1053 3381 mibi
1073 3313 1136 3381 fuit
1148 3314 1251 3382 honos

110 3409 196 3466 tuus.
239 3399 280 3466 In
309 3422 374 3489 quo
400 3423 476 3467 mea
505 3400 615 3467 omnis
640 3397 762 3483 studia,
790 3418 920 3466 omnem
948 3421 1098 3488 operam,
1129 3416 1250 3485 curam,

110 3483 316 3568 iudustriam,
339 3487 572 3573 cogitationem
592 3483 691 3550 buius
712 3484 855 3551 civitatis
878 3506 1007 3552 omnem
1027 3483 1096 3551 fixi.
1139 3484 1251 3552 Unum

111 3569 175 3637 boc
196 3571 244 3638 sic
267 3570 404 3638 habeto:
427 3571 454 3638 si
475 3592 497 3636 a
517 3582 550 3638 te
564 3570 646 3636 mihi
659 3580 822 3636 servatam
842 3568 942 3637 tidem
963 3567 1163 3656 intellexero,
1184 3591 1251 3636 non

110 3655 288 3742 mihinam
314 3678 389 3723 mea
416 3654 504 3724 salus
532 3677 625 3740 cara,
659 3675 758 3744 quam
789 3654 894 3744 pictas
926 3657 988 3724 erit
1017 3655 1053 3722 iu
1083 3654 1252 3723 referenda

111 3741 218 3829 gratia
239 3741 402 3809 iucundc’.
1306 3761 1307 3764 ’

109 3934 323 3989 s)bsrcnrsri11.
385 3933 410 3989 b)
426 3945 480 3978 csse
496 3937 517 3978 1.
579 3934 718 3993 cmm.
774 4001 777 4010 Ι

111 4096 141 4166 1)
162 4097 204 4151 ct.
230 4098 264 4151 de
289 4100 449 4166 Berengurii
475 4104 548 4151 sorte
575 4097 746 4150 Constsntin.
783 4097 828 4150 De
854 4097 927 4150 adm.
951 4099 1019 4167 imp.
1038 4114 1062 4152 c.
1083 4098 1128 4163 26,
1146 4115 1174 4166 p.
1195 4096 1248 4148 116

111 4171 156 4225 ed.
182 4172 303 4225 Bekkers
379 4172 410 4242 2)
437 4172 479 4226 Ol.
499 4170 650 4225 Flodourdi
668 4171 738 4223 Anu.
759 4170 831 4223 928:
856 4173 905 4225 nbi
929 4171 1006 4225 mille
1033 4174 1175 4242 quingenti
1197 4172 1249 4223 viri

110 4246 246 4300 cecidisse
266 4248 401 4302 dicuntur.
463 4248 494 4314 8)
515 4247 688 4300 Constantio.
706 4244 759 4298 l.l.
780 4238 931 4300 ἄπέιπεινθν
950 4241 1034 4301 αὐτὸν
1053 4241 1249 4319 Φαλάμβθριος

109 4315 125 4375 6
146 4315 286 4387 cunenses
306 4315 400 4376 αὖτοῢ.
476 4319 507 4390 4)
527 4322 610 4389 Verg.
630 4319 691 4374 Ecl.
711 4319 759 4386 IX,
779 4319 825 4372 64.

978 4424 1014 4475 4.
