2932 4718
229 210 484 264 -LIUDPRANDI
504 160 769 264 ANTAPODOdlS.
808 209 880 263 LIB.
900 209 940 264 11.
979 209 1100 262 84-89.
1214 209 1247 260 st

112 382 269 469 sanguine
292 379 465 448 iuvenilem
488 379 621 448 duceret
642 379 753 461 vitam,
775 380 879 444 mirae
900 377 1110 446 humanitatis
1136 379 1312 446 miraean-

114 477 190 555 que¹
214 466 394 533 sanctitatis
416 464 486 549 firir,
509 464 592 532 adeo
615 487 691 531 sane
714 474 751 530 ut
772 466 799 529 si
822 464 852 530 ei
874 485 895 528 a
908 466 1080 532 venatione
1102 462 1251 532 redeunti
1261 454 1311 497 ⁰⁰²

111 574 238 640 pauper
267 551 482 633 oocmreretl,
515 549 669 638 aliudque
702 550 732 616 ei
762 548 888 616 deesset
917 548 1006 638 quod
1032 547 1079 615 illi
1106 561 1251 640 prestare

111 639 269 727 nequiret,
293 658 394 703 cornu
416 636 573 724 protinus,
618 635 684 702 uod
698 636 768 702 eius
783 633 866 700 collo
888 633 997 702 fibulis
1009 636 1117 703 aureis
1132 633 1251 725 depen-

112 720 219 804 debat,
242 723 310 788 sine
326 721 479 788 dilatione
494 742 558 786 con
620 731 696 803 eret,
718 741 913 808 rursumque
933 720 1115 805 abeodem,
1139 723 1252 872 quanti

112 807 333 890 estimabatur,
348 807 543 893 adquireret
588 806 671 872 Tam
686 805 775 872 dirae
790 817 899 871 autem
921 805 1130 893 postmodum
1158 818 1251 874 actus

114 904 162 962 est
182 891 299 994 famae,
323 889 567 992 utthuiusmodi
589 913 668 959 vera
691 890 731 957 de
745 913 792 991 ,eo
815 902 882 956 tam
896 911 924 990 ‘a
946 891 1123 958 maioribus
1152 913 1251 994 quam

112 999 272 1129 latta
287 975 1251 1151 illabili&allllblf’nblliolbiifiullll

112 1167 227 1233 πιστις,
256 1146 451 1216 Adelbertos
479 1149 581 1214 comis
603 1149 711 1231 curtis,
741 1147 987 1236 macrospathis,
1021 1146 1249 1236 gundopistis’3

88 1263 89 1266 ¹
111 1256 175 1386 qqo
206 1234 410 1322 significatur
437 1239 471 1300 et
492 1231 623 1317 dicitur,
651 1232 749 1320 longo
772 1233 871 1299 euur‘l
893 1235 941 1299 uti
963 1255 1040 1301 ense
1062 1244 1095 1300 et
1116 1234 1252 1301 minima
1348 1297 1352 1303 .

156 1343 184 1387 e.

195 1405 247 1471 35.
280 1404 389 1470 Huius
411 1402 486 1469 deni
511 1426 551 1468 ue
574 1402 778 1492 aliorumque
799 1401 1028 1469 nonnullorum
1049 1402 1249 1471 Italiensium

110 1488 240 1556 hortatu
272 1488 417 1590 prefatus
444 1488 479 1554 H
515 1486 650 1554 odoicus
682 1489 717 1553 in
749 1487 878 1554 Italiam
910 1487 1031 1554 venio.
1076 1487 1139 1555 Cui
1172 1511 1250 1555 mox
1260 1512 1312 1555 soa.

110 1573 339 1663 Berengarrus,
355 1586 393 1641 ut
408 1574 571 1660 cognovit,
594 1573 725 1640 obviam
740 1572 853 1639 tendit
881 1571 1030 1661 Cumque
1045 1572 1250 1641 Hulodoicus

110 1658 310 1748 Bereugario
333 1660 396 1726 sibi
420 1659 550 1725 obviam
572 1659 716 1725 venienti
739 1680 876 1760 magnas
898 1657 1013 1725 adesse
1036 1660 1157 1746 copias,
1188 1660 1251 1728 sibi

110 1767 187 1811 vero
212 1756 359 1812 cerneret
379 1766 509 1845 parvas,
542 1743 751 1811 iureiurando
783 1767 813 1812 er
835 1742 897 1809 hoc
920 1754 1042 1818 terrore
1065 1744 1252 1831 compulsus

109 1830 268 1917 promisit,
298 1842 336 1897 ut
364 1853 392 1895 sr
423 1851 458 1896 se
480 1841 558 1896 tunc
580 1828 765 1912 dimitteret,
795 1828 959 1918 aliquibus
981 1829 1251 1917 promissionibus

110 1916 232 1982 accitus
250 1915 394 2004 am‘plius
416 1915 451 1980 iu
465 1914 595 1981 Italiam
616 1937 683 1980 non
697 1916 832 1981 veniret
874 1914 1014 1981 Fecerat
1027 1936 1173 2003 namque
1189 1915 1251 1983 sibi

109 1999 328 2088 Berengarius
354 1999 502 2087 plurimis
532 1999 669 2067 conlatis
698 1999 887 2067 muneribus
908 1997 1121 2067 Adelbertum
1153 1999 1277 2076 Τιιεε·Ι

111 2106 221 2151 corum
279 2109 314 2153 re
340 2087 578 2161 otentissimum
612 2083 850 2169 marchionem,
887 2084 950 2151 sibi
980 2084 1076 2152 valde
1111 2049 1250 2169 ddclem,
1347 2162 1349 2166 ¹

110 2181 207 2260 atque
230 2171 242 2236 i
265 2193 304 2237 eo
363 2170 531 2237 ulodoious
553 2182 620 2237 tam
642 2168 737 2236 facile
759 2181 809 2237 est
830 2169 995 2260 expulsus.

193 2257 245 2324 36.
279 2256 411 2323 Modica
431 2279 508 2323 vero
531 2267 597 2322 tem
623 2258 687 2322 oris
708 2267 896 2322 transcursa
916 2254 1168 2342 intercapedine,
1191 2277 1252 2322 rex

108 2340 327 2429 Berengarius
359 2343 526 2408 nominato
554 2278 732 2408 Addbemo
763 2342 874 2428 gravis
903 2352 953 2407 est
973 2341 1074 2405 mous.
1119 2339 1183 2406 Oui
1203 2341 1252 2407 rei

108 2426 208 2493 Berta
230 2428 352 2494 coniux
373 2448 441 2510 sua,
465 2428 552 2516 regis
567 2426 719 2514 Hugonis
742 2427 799 2514 qui
819 2437 930 2506 nostro
953 2435 1029 2526 post
1049 2435 1195 2513 tempore
1216 2426 1252 2490 in

109 2511 205 2578 Italia
227 2512 380 2600 regnavit
394 2525 507 2596 mater,
528 2534 595 2578 non
609 2510 737 2578 modice
758 2511 903 2578 fomitem
918 2507 1131 2577 ministrabat.
1153 2509 1251 2578 Unde

108 2596 313 2674 factumest,
346 2607 383 2663 ut
404 2596 550 2664 consulto
579 2596 694 2664 eodem
715 2595 895 2663 Adelberto
924 2594 1121 2678 marchione,
1151 2596 1251 2663 ceteri

109 2682 278 2750 Italienoes
292 2684 459 2771 principes
474 2693 608 2784 propter
623 2680 761 2750 cundem
773 2681 1005 2760 Hulodoicum,
1020 2691 1059 2747 ut
1072 2679 1249 2764 adveniret,

109 2769 372 2835 transmitterent
418 2767 483 2850 Qui
499 2767 678 2856 cupiditate
699 2765 867 2856 regnandi,
888 2765 1099 2833 iurisiurandi
1120 2765 1249 2850 oblitus,

111 2854 256 2920 concitus
278 2855 312 2920 in
334 2852 462 2920 Italiam
484 2855 583 2920 veuit

193 2940 245 3004 37.
278 2937 403 3006 Videns
430 2940 540 3027 itaque
570 2939 799 3025 Berengarius,
833 2935 922 3024 quod
950 2934 1153 3003 Hulodoicus
1181 2947 1310 3003 amoos.

109 3021 149 3089 ab
172 3022 374 3090 Italicusium
405 3046 502 3112 quam
524 3045 545 3088 a
567 3023 747 3090 Tuscorum
778 3023 1014 3109 sussciperetur
1034 3020 1247 3110 principibus,

109 3108 273 3176 Veronam
296 3109 461 3197 profectus
483 3121 541 3176 est
585 3108 789 3175 Hulodoicus
817 3128 896 3174 vero
926 3128 999 3172 eum
1023 3127 1098 3171 cum
1119 3104 1248 3172 Italien-

109 3194 198 3261 sibus
220 3216 315 3282 perse
338 3195 373 3260 ui
393 3217 460 3260 non
481 3194 655 3276 desistens,
684 3193 836 3260 Verona⁸
866 3190 959 3257 illum
988 3191 1087 3259 etiam
1112 3190 1248 3279 expulit,

109 3289 212 3346 totum
237 3301 279 3346 ue
301 3216 365 3348 sibi
386 3302 525 3366 regnum
546 3279 681 3345 viriliter
702 3277 901 3364 subiugavit.

194 3301 246 3430 dd.
279 3364 343 3431 His
363 3367 411 3432 ita
424 3365 535 3452 gestis,
557 3365 679 3433 bonum
693 3361 879 3430 Hulodoico
901 3372 951 3428 eet
970 3362 1089 3462 usum,
1112 3373 1149 3428 ut
1164 3362 1249 3429 sicut

109 3449 322 3515 circumcirca
353 3448 498 3517 videretr
525 3449 653 3516 Italiam
683 3447 810 3515 videret
838 3458 871 3514 et
900 3446 1063 3513 Tusoram.
1124 3446 1249 3514 Exieus

110 3532 249 3624 denique
276 3535 390 3623 Papia,
418 3534 821 3685 proficuam-Lucam,
847 3533 905 3600 ubi
926 3530 1080 3600 decenter
1101 3532 1248 3621 miroque

109 3631 269 3772 appaqqru
282 3618 431 3793 dimili
440 3620 833 3772 ufiruqdoeqqqprtlprhomo
847 3700 1022 3782 Adelberri,
1039 3713 1088 3770 tot
1108 3701 1247 3770 militum

110 3787 272 3878 elegantes
301 3789 415 3858 adesse
444 3790 555 3879 copias
585 3800 746 3871 cerneret,
772 3799 898 3855 tantam
927 3787 1026 3855 etiam
1055 3786 1247 3876 dignitatem

96 3942 132 4026 a)
149 3976 256 4033 mireque
272 3977 293 4017 1.
368 3972 393 4027 b)
411 3979 531 4019 occureret
547 3961 601 4020 1.'
642 3971 807 4030 absorbueras
823 3975 844 4015 1.
913 3969 1021 4035 ι1)ικι1ἓ
1089 3969 1117 4025 e)
1133 3981 1247 4014 aaronem
1333 3978 1339 3983 ·

112 4043 169 4077 corr.
185 4045 276 4078 narona
293 4037 314 4077 ι.
375 4033 518 4088 nudarat?
578 4033 602 4087 g)
618 4033 739 4087 procerem
755 4035 777 4076 1.

112 4181 140 4251 1)
159 4185 247 4238 Tacet
264 4186 310 4239 hic
330 4195 425 4242 auctor
444 4187 479 4240 de
498 4185 655 4240 Hludowici
675 4185 880 4239 consecratione
895 4181 1031 4253 imperiali
1044 4197 1070 4235 a.
1086 4170 1138 4235 901
1153 4198 1246 4236 mense

109 4258 257 4313 Februario
276 4261 358 4314 tacta.
1155 4262 1160 4273 '
