2932 4718
269 237 504 291 LlUDPRANDI
523 237 789 292 ANTAPODOSIS.
826 237 899 292 LIB.
918 237 953 290 V.
994 237 1095 290 e-rt.
1201 239 1283 308 lod,

111 407 187 494 igne
209 409 417 490 transmittat,
439 428 521 494 quas
543 406 714 474 chelandia
735 409 842 496 patrio
858 429 1006 474 sermone
1023 405 1121 474 Greci
1136 429 1256 510 cogno·
1264 429 1315 472 ass.

112 493 248 558 minant.
292 492 366 558 Hoc
388 505 497 560 autem
520 515 558 559 eo
580 493 667 576 fecit,
698 504 734 560 ut
763 491 842 557 dum
870 493 1015 560 terrestri
1041 493 1155 560 itinere
1182 516 1254 583 ipse

111 576 155 644 ad
191 576 425 645 destruendum
460 576 610 646 tenderet
634 578 882 661 Fraxiuetum·,
919 598 992 645 eam
1028 588 1155 667 partem
1189 601 1255 668 que

112 664 194 729 mari
227 665 372 729 munitur
405 661 503 730 Greci
535 664 668 751 mvigio
705 661 901 747 obsiderent,
939 685 1118 752 eorumque
1152 662 1254 732 neves

112 760 296 832 exurerent,
318 769 358 813 ac
380 771 422 815 ne
442 748 485 815 ab
507 747 671 837 Hispania
698 748 804 814 victus
833 749 880 815 eis
910 760 968 816 aut
989 750 1157 836 copiarum
1180 748 1255 817 eub-

112 833 195 899 sidia
241 839 435 918 roveuirent,
459 831 705 920 diligentissime
727 832 946 920 providerent.

203 855 250 984 ld.
284 919 412 986 Interea
434 918 662 1007 Berengarius,
683 919 854 985 memorati
875 917 975 986 frater
988 919 1141 986 Anscarii
1155 929 1254 1010 atque

111 1005 319 1092 Aeporegiae
352 1005 496 1071 civitatis
528 1004 692 1087 marchio,
731 1001 858 1070 occulte
895 1001 1036 1092 quedam
1073 1005 1108 1069 in
1141 1028 1176 1073 re
1201 1027 1254 1072 em

113 1090 201 1178 cepit
229 1088 345 1156 moliri.
398 1089 496 1172 Quod
527 1089 604 1156 dum
633 1089 704 1176 regi
733 1099 935 1177 compertum
964 1099 1060 1172 esset,
1088 1090 1165 1156 *sim
1221 1101 1365 1166 tantos.

111 1172 336 1246 benivolencia
358 1172 560 1241 dissimulata
583 1196 624 1240 ue
652 1175 709 1258 ira,
738 1172 817 1240 dum
844 1173 887 1240 ad
914 1196 986 1242 sese
1016 1175 1128 1242 venire
1180 1173 1253 1243 luce

112 1281 186 1325 eum
207 1261 337 1347 privare
361 1259 529 1348 disposuit
561 1197 678 1325 bilius
705 1258 845 1346 denique
874 1260 954 1341 eius,
983 1261 1114 1327 nomine
1186 1259 1254 1328 tba·

110 1344 178 1410 rius
200 1367 272 1428 rex,
294 1347 419 1446 etipse
441 1367 564 1434 parvus
585 1366 625 1410 ao
652 1345 910 1411 necessariarum
932 1345 993 1412 sibi
1014 1366 1124 1412 rerum
1145 1344 1253 1413 adbuc

111 1430 255 1518 ignarus,
278 1452 434 1581 puomam
456 1428 597 1496 consiliis
612 1428 663 1495 his
677 1429 831 1511 interfuit,
855 1427 961 1580 olplsre
977 1429 1253 1519 quemadmodum

110 1536 192 1602 puer
212 1513 275 1580 bau
328 1516 444 1604 potuit,
473 1536 587 1581 verum
610 1513 772 1581 destinato
800 1513 843 1580 ad
896 1515 1100 1603 erengarium
1128 1517 1253 1601 nuntio,

110 1599 199 1750 guod
222 1599 284 1666 sibi
306 1613 401 1688 pater
423 1621 501 1664 suus
525 1599 632 1666 facere
661 1597 768 1682 vellet,
795 1600 956 1688 apperuit
1008 1598 1082 1665 Hoc
1111 1599 1253 1689 denique

141 1687 328 1771 erengam'us
351 1697 388 1752 ut
409 1684 542 1768 audivit,
565 1683 692 1751 Italiam
723 1705 821 1773 quam
851 1706 930 1750 mox
952 1682 1104 1769 deseruit,
1134 1707 1174 1752 ac
1195 1709 1255 1775 per

111 1781 255 1836 montem
277 1770 368 1836 Iovis
390 1771 425 1835 in
448 1769 603 1837 Sueviam
625 1769 667 1834 ed
689 1768 927 1838 Herimannum
957 1768 1074 1837 ducem
1101 1791 1254 1859 propera-

110 1856 172 1938 vit3
196 1876 333 1921 uxorem
354 1877 432 1921 vero
456 1877 548 1921 suam
571 1853 705 1922 Willam
726 1878 785 1942 per
813 1853 910 1920 aliam
938 1855 1026 1920 viam
1048 1853 1092 1920 ad
1114 1856 1253 1924 eandem

110 1940 315 2028 provinciam
336 1940 447 2006 venire
466 1941 622 2028 precepit
667 1939 762 2022 Quae
776 1938 944 2041 temporeb
967 1938 1179 2027 digressionis
1194 1963 1253 2008 sue

110 2047 170 2113 per
191 2037 336 2092 montem
358 2026 512 2110 Avium1,
535 2025 600 2092 fato
621 2027 797 2127 partuique
818 2026 937 2108 vicina,
966 2023 1105 2112 qualiter
1125 2037 1252 2094 montes

109 2119 178 2175 tam
214 2130 349 2199 asperos
385 2122 484 2212 atque
516 2111 622 2176 invios
654 2122 792 2177 transire
819 2106 961 2198 pedibus
988 2111 1138 2196 poteritt,
1171 2112 1271 2181 satis„
1389 2144 1394 2157 ·

109 2217 238 2284 nequeo
260 2196 388 2280 mirari3
410 2197 473 2260 msi
496 2197 573 2284 quia
593 2194 740 2262 fortunas
759 2217 872 2262 omnes
888 2193 1042 2261 adversas
1057 2195 1138 2262 mihi
1152 2195 1252 2264 firisso

112 2292 201 2346 certo
224 2281 302 2346 scio.
348 2279 414 2347 Sed
436 2280 495 2346 ah!
528 2303 627 2369 quarn
649 2280 712 2347 sibi
734 2278 918 2370 decipulam
941 2277 1115 2347 Lotharius
1159 2303 1252 2370 repa·

109 2366 239 2449 raverit,
261 2365 362 2432 futuri
383 2366 517 2453 ignarus
538 2364 651 2433 videre
672 2388 738 2432 non
759 2366 876 2454 potuit.
919 2363 1011 2430 Dum
1030 2365 1117 2432 enim
1131 2303 1252 2435 beren-

110 2452 201 2537 gerio
224 2450 397 2535 consuluit,
420 2451 477 2541 qui
497 2473 638 2552 regnum
667 2463 700 2518 et
727 2453 829 2518 vitam
857 2449 1000 2516 auferret
1028 2449 1159 2519 sibimet
1180 2473 1252 2541 pre·

133 2537 267 2602 aravit2.
326 2537 497 2625 Imprecor
532 2547 643 2625 itaque
679 2558 745 2602 non
780 2532 951 2617 Lothario,
994 2536 1051 2623 qui
1086 2537 1251 2624 puericiae

109 2556 240 2688 lbvitate
261 2622 422 2709 peccavit,
443 2619 543 2771 idlue
565 2621 774 2710 postmodum
802 2642 912 2686 amare
934 2621 1105 2708 poenituit,
1136 2644 1251 2689 verum

109 2704 274 2772 montibus
296 2705 359 2772 illis
385 2705 485 2772 crude
499 2707 581 2790 bus,
612 2719 725 2774 contra
752 2707 916 2772 insuetum
946 2702 1097 2771 omnibus
1127 2728 1252 2774 morem

108 2789 202 2857 facile
226 2793 272 2858 eis
294 2793 357 2858 iter
377 2790 600 2880 prebentibus.
643 2793 761 2880 ltaque
783 2789 862 2857 libet
882 2791 917 2855 in
938 2811 1051 2856 eorum
1068 2791 1148 2857 mihi
1163 2813 1251 2859 nunc

113 2875 342 2943 coutumeliam
366 2875 565 2943 exclamare:

112 2965 160 3028 11.
173 2961 347 3049 Improbe‘¹
372 2984 465 3027 mons
487 2962 620 3045 Avium,
641 2961 699 3027 tali
778 2960 894 3048 Neque
907 2971 944 3026 tu
958 2961 1088 3026 nomine
1104 2958 1234 3047 diguus,
1289 3019 1291 3023 .

175 3045 357 3112 Conservas
380 3049 457 3135 quia
477 3069 553 3112 uam
576 3059 712 3136 pestem,
778 3045 981 3133 Nuncquam
988 3044 1125 3132 perdere
1157 3046 1250 3112 ossis.

173 3132 287 3197 luvius
311 3153 381 3197 osse
404 3131 488 3198 soles
509 3133 617 3215 etiam,
780 3130 865 3197 Cum
887 3128 935 3195 sol
956 3131 1072 3218 igneus
1155 3143 1195 3216 et,

175 3217 337 3304 Tempore
361 3238 425 3303 quo
449 3216 602 3284 Cererem
627 3238 752 3282 messor
781 3213 891 3281 Curva
912 3213 997 3281 falce
1018 3216 1190 3302 reposcit‘,

134 3320 149 3371 0
175 3302 338 3402 Tempore
361 3323 426 3389 quo
448 3301 549 3367 radiis
571 3300 697 3368 Phoebi
782 3298 921 3366 Cancrit
944 3298 1034 3365 sidus
1056 3288 1195 3366 edus-itt

173 3386 318 3453 Pessime
340 3407 428 3451 nunc
451 3408 487 3452 es
508 3385 655 3453 inaudito
780 3383 944 3472 Rigidnes
966 3396 1113 3473 tempore
1134 3383 1250 3452 brume

173 3470 337 3539 Pervius?
358 3482 455 3560 atque
476 3473 600 3537 utinam
618 3469 856 3560 possentlllea
876 3491 964 3536 nuuc
986 3480 1064 3536 vota
1083 3467 1203 3555 valere,

110 3617 133 3671 s)
149 3618 299 3661 fraxenetum
315 3630 373 3660 corr.
390 3618 534 3660 fraxinetum
552 3620 573 3661 1.
602 3616 627 3670 b)
644 3618 719 3660 temte
736 3619 758 3660 1.
790 3614 812 3669 c)
826 3617 841 3656 1.
857 3627 875 3659 s.
891 3616 1004 3667 potuerit.
1037 3613 1251 3667 1110οδ1011οκ

106 3679 134 3720 ss
150 3680 249 3730 mereins
265 3678 337 3718 dudd:
353 3678 455 3719 Metrum
471 3678 606 3720 dactilicum
619 3677 763 3720 elementum
775 3679 885 3718 condens
901 3675 1008 3717 trimetro
1022 3675 1196 3727 yperestsleeto
1210 3675 1252 3725 qul

109 3739 214 3790 spondeo
229 3742 321 3780 eonstst
333 3742 357 3779 et
371 3738 458 3779 dsedlo
466 3741 491 3779 et
498 3738 616 3789 spondeo,
631 3738 700 3779 setin
709 3735 898 3787 locoproprlmo
906 3735 1011 3786 spondeo
1020 3734 1104 3777 sstubt
1113 3739 1251 3786 snspestum

108 3799 219 3839 traditum
233 3798 367 3840 invenimus
377 3801 403 3839 nt
413 3798 656 3840 estomnehomluum
668 3806 744 3849 genus
753 3797 778 3838 111
788 3796 866 3838 terris.
905 3792 1035 3847 s)reposstt
1043 3797 1064 3837 1.
1101 3791 1251 3846 orruerit,

109 3855 132 3909 s)
148 3858 240 3917 Regtde
257 3861 277 3898 1.

110 3968 140 4040 1)
158 3972 250 4025 Hodie
272 3972 413 4041 Vopelberp
427 3969 620 4039 (Beruardino)
641 3969 714 4023 6684
729 3969 815 4039 pedes
834 3968 914 4034 sltus,
932 3983 1018 4037 prope
1030 3966 1149 4020 Adulam
1169 3973 1251 4035 etque

109 4047 198 4100 fontes
218 4048 317 4100 Rheni.
384 4045 415 4114 2)
436 4046 477 4100 ct
496 4044 647 4100 Plodosrdi
665 4046 736 4098 Anu.
757 4044 827 4098 eece
846 4043 1030 4110 Berengsrius
1044 4077 1051 4094 .
1064 4080 1071 4095 .
1086 4056 1202 4105 veneno,
1221 4046 1252 4095 ut

110 4119 209 4185 ferunt,
226 4128 325 4174 necato
339 4121 470 4174 Lotbam'o
483 4136 558 4189 rege,
577 4120 703 4188 lingonis
716 4118 783 4183 11110,
802 4133 850 4170 rex
866 4116 983 4170 efficitur
996 4114 1106 4170 ltalise.
1162 4113 1193 4184 8)
1207 4113 1251 4174 ct.

109 4193 140 4246 11
161 4211 184 4248 o.
206 4195 250 4260 65,
269 4196 342 4249 Hist
363 4196 427 4266 Ott.⁴
441 4212 464 4248 c.
486 4195 517 4261 83
542 4196 634 4249 Boetii
659 4193 762 4247 Philos.
784 4191 895 4246 Consul.
915 4191 930 4243 1
951 4206 974 4244 c.
996 4190 1028 4242 6:
1056 4188 1125 4243 Cum
1143 4188 1250 4243 Phoebi

109 4267 194 4323 radiis
214 4285 297 4337 grave
314 4270 320 4338 1
338 4272 431 4322 asueri
450 4269 526 4324 sidus
545 4272 692 4340 inaestuet.
