2932 4718
96 414 222 461 m-m.

234 227 268 280 to
390 227 623 282 numentum
642 228 907 284 ANTAPODOSIS.
946 230 1018 283 LIB.
1038 230 1062 284 1.
1101 220 1220 283 1'1-12.

232 398 427 486 sanguinem
448 395 658 486 perduxisse'.
696 395 877 465 Subridens
892 399 993 486 igitur
1007 399 1195 486 imperaterz
1218 399 1370 488 ‘Recipe',

230 482 347 571 inquit,
370 483 533 586 animant,
554 485 622 550 reci
646 505 673 566 e,
695 492 728 549 et
749 504 824 583 curn
845 480 908 550 hee
921 482 1067 585 bisbinas
1082 506 1254 552 aureorum
1269 482 1372 585 libras

231 566 382 652 adsum03
403 566 484 634 nulli
504 589 583 635 vero
627 589 731 652 eme,
756 589 819 634 mss
842 567 1019 655 aufugisse,
1046 569 1263 670 respondeas’.
1306 567 1371 636 Hrs

105 704 109 711 ,
231 652 277 720 ita
297 653 407 742 gestis,
430 653 607 755 imperator
627 651 763 754 vigiles,
776 653 833 741 qui
855 675 890 721 se
913 661 1045 755 captum
1073 652 1271 738 drmrserant,
1300 655 1371 806 qui·

232 759 295 826 que
318 757 450 804 caesum
472 737 636 805 custodiae
657 748 891 827 manciparant,
913 760 1025 805 venire
1046 740 1203 827 precepit.
1240 737 1305 822 Qui
1330 760 1370 806 us

230 832 265 889 et
285 822 347 889 ait:
369 817 601 910 ‘vigilantibus
619 822 714 890 vobis
737 822 984 912 custodiamque
1006 823 1130 890 civitati
1147 822 1370 912 prebentibus,
1416 872 1422 879 -

230 907 391 996 numquid
410 906 498 976 fimes
511 940 514 946 ·
526 905 700 1010 aliquande
729 906 876 974 adultero
915 929 957 975 ue
979 908 1175 976 offenditis'?
1207 909 1274 992 Qui
1294 931 1371 976 eum

230 993 335 1081 pretio
358 1003 495 1081 accepto
518 992 715 1074 dimiserant,
744 991 792 1058 nil
812 1014 848 1059 se
868 931 988 1060 didisse
1009 992 1283 1081 responderant⁸3
1313 995 1370 1083 qui
1433 1001 1436 1007 '

230 1099 309 1144 vero
332 1098 464 1145 caesum
484 1075 576 1156 illum
598 1077 765 1144 custodiae
779 1077 1012 1165 manciparant,
1034 1077 1080 1143 ita
1093 1078 1371 1167 responderantbz
1396 1109 1401 1120 ¹

231 1162 392 1250 ‘Precepit
420 1165 576 1231 δεσπότία
605 1168 644 1230 σᾶ
672 1186 692 1245 η
721 1183 813 1245 orte,
844 1162 993 1251 despotia
1021 1184 1061 1228 su
1089 1164 1102 1228 i
1130 1163 1220 1250 agia,
1257 1163 1292 1230 id
1322 1175 1373 1231 est

231 1246 408 1337 dominatio
430 1257 488 1314 tua
510 1257 633 1331 sancta,
666 1255 703 1312 ut
723 1248 752 1313 si
773 1245 890 1334 vigiles
911 1254 986 1335 post
1008 1245 1237 1335 crepusculum
1259 1269 1371 1335 quem·

231 1353 330 1420 quarn
362 1330 472 1421 aliqud
506 1330 767 1401 deambulantem
800 1331 1018 1416 offenderent,
1054 1354 1094 1399 ca
1118 1343 1187 1411 tum
1219 1333 1370 1420 protinus

230 1417 487 1507 verberibusque
510 1439 641 1484 caesum
664 1415 1025 1485 custodiaetraderent
1100 1419 1150 1484 uis
1172 1419 1291 1506 itaque,
1314 1416 1371 1484 do

231 1501 371 1569 minator
397 1503 622 1570 sanctissime⁶
666 1501 863 1569 iussionibus
890 1524 950 1568 nos
979 1511 1146 1590 parentes,
1178 1501 1251 1585 hac,
1284 1523 1370 1591 quae

230 1597 413 1674 presentem
433 1589 593 1688 precessit
614 1550 709 1670 diem,
739 1597 834 1653 noete
863 1587 1024 1674 quendam
1046 1586 1217 1676 lupanaria
1238 1607 1371 1675 percur-

230 1680 356 1738 rentem
378 1693 534 1760 ceprmus,
556 1669 799 1758 flagellavimus,
819 1673 1007 1771 carcerique
1028 1673 1217 1824 impositum
1232 1673 1369 1760 imperio

154 1760 156 1764 ’
231 1765 287 1821 tuo
320 1765 432 1822 sancto
464 1756 712 1845 producendum
743 1760 963 1822 servavlmus'.
1015 1756 1081 1839 Qur
1106 1779 1144 1823 us
1175 1757 1370 1845 imperator:

176 3477 217 3533 (⁴.)

232 1838 336 1925 ‘Oito',
364 1842 487 1928 inquit,
516 1850 563 1908 ‘ut
590 1842 625 1907 in
654 1840 799 1907 medium
827 1841 1042 1928 producatur,
1071 1851 1215 1930 potestas
1240 1843 1371 1929 imperii

231 1925 296 1991 mei
316 1928 414 1992 etiem
436 1935 535 2014 atque
557 1927 654 2009 etiam
675 1926 833 2014 imperat’.
878 1923 947 1993 Nec
971 1947 1078 2011 mora,
1102 1928 1232 1993 vinctus
1253 1937 1290 1993 ut
1312 1927 1370 1993 du·

231 2019 331 2094 eatur,
358 2022 564 2097 percurrunt·
604 2011 711 2094 Quem
740 2011 819 2076 dum
846 2009 1013 2099 aufisgisse
1037 2011 1195 2094 audirent,
1219 2012 1370 2098 semivivi

229 2094 273 2160 ad
292 2093 449 2183 palatium
472 2105 546 2162 sunt
567 2096 698 2162 reversi.
731 2094 832 2177 Quod
852 2117 928 2160 curn
949 2098 1151 2163 ntmtiassent
1171 2096 1369 2183 imperatori,

229 2201 309 2245 mox
340 2180 518 2268 imperator
549 2203 583 2247 se
616 2189 751 2247 exutum
784 2179 946 2267 nimisque
975 2181 1017 2246 iis
1047 2201 1156 2247 cesum
1179 2180 1370 2248 ostendens:

231 2265 342 2349 ιδέυτε,
365 2263 481 2349 deute’,
514 2263 549 2330 id
571 2275 621 2332 est
641 2266 760 2347 venite,
782 2265 898 2352 inquit,
930 2272 982 2348 ‘pq
999 2267 1196 2349 διληασεται,
1219 2265 1265 2330 mi
1279 2263 1371 2330 dilia·

231 2360 308 2434 sete,
331 2347 430 2416 nolite
452 2348 642 2432 formidare3
664 2349 676 2414 i
701 2371 736 2415 se
759 2371 821 2436 ego
837 2370 909 2414 sum
925 2371 1022 2437 quem
1037 2347 1234 2437 flagellastis,
1257 2371 1371 2437 quem·

231 2456 294 2522 que
316 2456 335 2500 e
357 2455 484 2500 carcere
506 2456 639 2501 nunes
698 2434 785 2522 gisse
815 2433 987 2500 confiditis.
1032 2433 1108 2502 Scio
1131 2436 1218 2500 enim
1240 2445 1273 2500 et
1293 2455 1370 2501 vere

230 2516 338 2602 crede,
361 2518 450 2607 qued
471 2540 538 2585 nen
557 2520 798 2607 imperatorem,
821 2517 879 2584 sed
899 2518 1102 2606 imperatoris
1113 2519 1284 2587 inimicum
1298 2527 1371 2586 tun·

230 2602 306 2670 dere
336 2605 511 2692 cogitastis.
554 2603 625 2670 Hes
655 2605 712 2692 qui
741 2625 794 2670 me
822 2625 888 2668 non
917 2612 954 2669 ut
982 2603 1221 2704 imperatorem,
1251 2603 1310 2669 sed
1334 2613 1371 2670 ut

229 2686 388 2755 latronem
419 2690 549 2776 viteque
581 2710 674 2755 meae
706 2686 927 2754 insidiatorem
961 2687 1135 2773 dimisere,
1157 2697 1369 2754 'mortetenus

228 2773 416 2842 verberatos
446 2773 527 2841 urbe
548 2771 678 2862 expelii,
699 2770 859 2860 bonisque
881 2773 1031 2840 omnibus
1076 2773 1185 2855 rivari,
1207 2794 1282 2838 mea
1303 2794 1370 2840 non

229 2856 334 2924 solum
357 2859 449 2946 cupit
469 2880 583 2925 verum
604 2859 701 2926 etiarn
723 2858 815 2925 iubet
836 2858 1021 2943 aucteritas.
1097 2880 1133 2923 os
1154 2868 1264 2924 autem
1287 2859 1369 2925 meis

229 2965 296 3009 non
317 2941 422 3009 selum
438 2942 495 3009 sed
509 2942 623 3009 horum
640 2944 737 3010 etiam
751 2963 979 3030 perversorum
995 2942 1117 3009 divitiis
1132 2941 1237 3008 dono’.
1270 2941 1370 3026 Quod

227 3035 327 3116 'quam
348 3026 526 3116 prudenter
547 3029 658 3115 egerit,
687 3028 864 3116 paternitas
884 3037 942 3092 tua
963 3029 996 3092 in
1018 3026 1081 3093 hoc
1109 3027 1369 3095 animadvertere

253 3114 358 3196 eterit,
380 3115 533 3201 queniam
549 3113 668 3179 caeteri
682 3122 803 3179 extunc
819 3113 982 3179 civitatem
998 3110 1243 3200 diligentissime
1263 3125 1369 3180 euste-

228 3136 309 3281 dire,
330 3196 417 3270 huno
438 3198 536 3265 etiam
557 3198 724 3266 absentem
747 3197 841 3286 quasi
863 3206 1045 3285 presentem
1067 3220 1083 3262 s
1107 3217 1208 3264 erare.
1246 3197 1368 3287 Sicque

228 3282 351 3352 facturn
381 3292 441 3366 est,
468 3294 506 3349 ut
534 3294 567 3350 et
594 3284 771 3370 imperator
799 3281 940 3369 amplius
970 3280 1011 3347 de
1040 3302 1061 3368 p
1094 3281 1160 3348 atio
1181 3293 1281 3348 noctu
1302 3303 1368 3348 non

229 3365 450 3449 descenderet,
474 3377 506 3433 et
527 3369 578 3433 sui
600 3367 709 3434 omnia
731 3365 868 3433 fideliter
890 3365 1099 3432 custodirent.

316 3452 367 3517 12.
398 3450 509 3517 Alium
533 3473 629 3539 quern
650 3454 721 3552 ipse
740 3475 758 3518 e
783 3449 943 3533 ’tludum,
965 3448 1092 3517 silentio
1107 3453 1175 3538 tegi
1189 3449 1368 3518 absurdum

229 3559 300 3603 esse
322 3536 475 3602 diiudico.
513 3473 906 3636 Constannneptffitanum
927 3533 1084 3623 palatium
1106 3535 1148 3603 eb
1164 3536 1369 3622 imperatoris

230 3619 367 3688 salutem
396 3620 571 3688 multorum
600 3620 750 3708 presidiis
779 3619 917 3685 militum
940 3619 1131 3686 custoditur.
1176 3619 1367 3687 custodien-

198 3774 201 3781 .
228 3704 317 3773 tibus
338 3726 415 3774 vere
436 3708 542 3773 victus
564 3703 972 3890 censuffiqepcottidianus
993 3726 1059 3770 nen
1080 3726 1200 3792 parvus
1222 3705 1368 3805 inpendi·

229 3791 315 3857 tur-⁶.
360 3788 507 3878 Contigit
527 3792 638 3878 itaque
775 3800 825 3856 ost
847 3791 991 3877 corperis
1014 3789 1223 3856 refectionem
1245 3811 1279 3854 rn
1294 3811 1367 3877 rpse

230 3872 296 3941 diei
316 3874 441 3942 fervore
463 3897 529 3940 una
542 3876 577 3940 in
591 3875 688 3941 domo
704 3897 879 3964 qmescere.
916 3874 989 3940 Mos
1004 3873 1145 3961 denique
1163 3875 1368 3961 imperatoris

229 3970 307 4043 erat,
329 3960 454 4026 ctmctis
477 3959 717 4049 quiescentibus
746 3971 850 4026 totum
877 3969 1065 4047 peneptare
1088 3957 1255 4046 palatium.
1300 3957 1368 4042 Qui

230 4189 300 4242 s)s'to
318 4194 338 4234 1.
422 4191 493 4243 bitte
511 4195 529 4234 1.
612 4192 633 4244 c)
651 4195 786 4236 sanctisimo
804 4195 824 4238 1.
906 4192 930 4246 d)
948 4193 1011 4237 (bv.
1029 4206 1050 4237 v.
1069 4195 1367 4248 ecunacum&

123 4245 126 4256 '
230 4251 270 4294 ta
288 4250 333 4292 ba·
349 4253 429 4293 Marsae
444 4253 468 4293 ts
485 4252 535 4294 edit.
552 4253 647 4305 Heroas.
