2932 4718
215 202 249 253 74
384 202 617 257 LIUDPRANDI
635 202 902 260 suraponosm.
939 205 1013 261 LIB.
1031 205 1087 261 111.
1126 205 1171 260 4⁶.

153 386 203 430 aaa
298 372 351 440 45.
394 371 435 439 In
448 373 598 461 ingressu
611 372 778 442 Romanae
793 371 883 441 urbis
900 373 1063 474 quaedam
1081 384 1131 444 est
1151 375 1226 459 miri
1244 376 1352 465 operis

213 457 361 548 mireque
386 457 585 526 fortitudinis
608 459 784 526 constituta
812 460 961 544 munium
995 470 1070 529 ante
1099 459 1192 527 cuius
1220 461 1354 528 ianuam

213 565 297 634 pons
319 552 369 610 est
389 542 649 631 preciosissimus
678 564 777 632 super
804 543 951 612 Tiberim
976 543 1162 630 fabricatam,
1192 545 1251 636 qui
1280 568 1353 636 per·

189 652 191 656 “
213 630 285 697 viub
305 627 561 718 ingredientibus
582 627 720 694 Romam
741 638 839 718 atque
919 627 1102 698 edienlibus
1125 640 1190 716 est3
1218 653 1288 699 nec·
1303 640 1354 700 est

212 713 286 800 alia,
306 713 371 780 nisi
391 735 451 802 per
471 734 556 796 eam,
577 713 766 781 transeundi
783 714 847 781 via.
916 736 955 782 oc
968 724 1090 800 umen,
1111 716 1174 782 nisi
1189 737 1352 784 consensu

213 799 425 867 munitionem
457 796 717 883 custodientium,
750 797 822 866 fieri
851 821 919 867 non
947 809 1066 888 potest.
1107 799 1247 868 Munitio
1272 823 1352 869 vero

138 912 144 921 f·
212 885 295 973 ipsa,
324 893 362 950 ut
389 893 517 952 caetera
542 882 699 966 desinam,
732 893 844 974 tantae
869 882 1048 952 altitudinis
1077 895 1136 968 est,
1169 896 1206 953 ut
1233 883 1353 954 eclesia

213 991 298 1059 quae
325 969 361 1034 in
390 969 461 1035 eins
489 968 610 1036 vertice
638 967 777 1053 videtur,
809 969 844 1033 in
872 969 994 1036 honore
1023 969 1151 1036 summi
1170 979 1204 1037 et
1224 969 1351 1038 celestis

212 1053 351 1122 miliciae
383 1053 538 1142 principis
571 1052 757 1140 archangeli
787 1051 979 1120 Michabelis
1015 1053 1187 1138 fabricata,
1224 1053 1353 1122 dicatu

213 1140 332 1207 ‘sancti
348 1137 468 1226 Angeli
489 1137 627 1206 ecclesia
648 1159 688 1205 us
712 1160 754 1205 ue
777 1137 822 1204 ad
849 1137 976 1205 caelos’.
1026 1138 1100 1206 Rex
1128 1138 1279 1229 denique,
1309 1140 1352 1209 ob

213 1223 401 1292 munitionis
421 1221 708 1308 confidentiam-e
721 1222 785 1290 ‘cto
814 1221 912 1312 longe
940 1225 1096 1308 exercitu,
1129 1244 1204 1291 cum
1236 1225 1352 1313 paucis

212 1309 352 1376 Romam
383 1308 525 1376 advenit.
610 1329 654 1375 uo
681 1307 836 1376 decenter
866 1331 887 1374 a
918 1307 1075 1376 Romanis
1104 1320 1287 1397 susceptus,
1318 1309 1353 1375 in

236 1393 395 1462 redictum
424 1393 638 1461 munitionem
669 1393 713 1461 ad
744 1391 909 1461 Maroziae
941 1394 1143 1461 meretricis·
1173 1391 1352 1461 thalamum

188 1511 194 1573 j
212 1416 395 1548 declinavit
439 1476 541 1546 Cuius
562 1478 686 1545 incesto
709 1476 788 1544 dum
814 1479 937 1567 potitus
966 1489 1053 1546 esset
1078 1479 1263 1564 concubitu,
1289 1479 1353 1546 Ro-

213 1585 329 1632 manos
357 1565 452 1654 quasi
480 1564 546 1631 iam
574 1584 709 1631 scaurus
743 1563 912 1652 despicere
938 1565 1037 1652 cepit
1081 1561 1252 1631 Habuerat
1273 1586 1352 1632 sane

213 1649 359 1731 Maronia
380 1647 483 1715 tilium
509 1649 639 1715 nomine
660 1645 860 1732 Albericum,
888 1670 987 1737 quem
1014 1670 1058 1715 ex
1084 1646 1239 1716 Alberico
1268 1671 1351 1716 mar·

215 1735 351 1802 obione¹
379 1736 451 1822 ipsa
521 1742 646 1801 nuerat
698 1733 764 1816 Qui
793 1733 872 1799 dum
901 1733 1013 1800 matris
1054 1732 1185 1801 hortata
1216 1731 1352 1822 Hugoni

213 1821 293 1908 regi,
314 1821 461 1886 vitricos
506 1820 577 1903 cet,
599 1839 718 1906 aquam
734 1816 893 1900 funderet,
916 1828 953 1885 ut
971 1839 1087 1885 manus
1109 1816 1264 1901 ablueret,
1286 1817 1350 1885 abb

214 1927 252 1972 eo
274 1925 334 1992 pro
357 1904 558 1971 correctione
575 1901 614 1968 in
634 1903 751 1969 faciem
774 1924 876 1968 cesus
891 1911 949 1984 est,
976 1924 1014 1970 eo
1045 1903 1134 1992 quod
1154 1924 1221 1970 non
1243 1903 1352 1970 mode·

212 1999 281 2056 rate
304 1999 337 2056 et
380 1988 537 2056 udenter⁶
559 2009 679 2077 aquam
701 1987 890 2055 effimderet
923 1987 957 2054 Is
972 2009 1060 2072 vero,
1082 1996 1119 2056 ut
1132 1986 1266 2055 inlatam
1289 1985 1353 2055 sibi

173 2083 176 2092 '
212 2085 324 2164 posset
372 2074 468 2141 ciesci
485 2073 646 2156 iniuriam,
670 2074 875 2173 congregatis
888 2073 923 2138 in
937 2095 1040 2138 unum
1055 2073 1220 2158 Romanis,
1242 2073 1353 2140 buius·

214 2157 303 2226 modi
336 2181 392 2227 ecs
425 2180 572 2225 sermone
605 2168 770 2225 convemt:
813 2156 990 2225 ‘Romanae
1021 2158 1112 2226 urbis
1132 2157 1282 2247 ⁴dignitas
1310 2157 1354 2225 ad

212 2253 337 2312 tantam
365 2256 415 2312 est
443 2241 611 2311 stultitiam
642 2242 751 2327 ducta,
783 2251 820 2308 ut
852 2243 1059 2310 meretricum
1092 2244 1190 2312 etiam
1216 2243 1354 2332 imperio

213 2328 514 2481 induiti
533 2325 976 2480 mm
999 2328 1353 2480 iuboffirllumssi

216 2498 348 2589 quando
370 2499 465 2582 servi,
486 2496 738 2592 Burgundiones
760 2435 895 2579 seilicel,
925 2497 1081 2564 Romanis
1107 2496 1291 2587 imperent?
1317 2494 1354 2564 si

214 2607 332 2668 meam,
369 2583 521 2672 privigni
538 2581 663 2649 scilicet
688 2582 749 2665 sui,
779 2581 896 2648 faciem
922 2583 1053 2666 cecidit,
1081 2604 1155 2649 cum
1183 2581 1354 2672 presertim

215 2666 1354 2822 &tibist¹¹⁰⁸1'tutttitlttt{litttttloet

216 2838 337 2905 ratim?
359 2838 470 2926 Ipsam
493 2775 613 2905 sllltgeld1
628 2838 769 2904 nominis
791 2835 921 2903 etimolo
947 2837 1034 2901 'am‘¹
1056 2775 1243 2925 disppicite⁴=
1263 2773 1354 2902 lfinar-

214 2922 396 3011 gundiones
417 2922 490 2989 ideo
513 2922 627 3005 dictos,
650 2922 804 3010 quoniam
834 2921 913 2986 dum
966 2923 1083 3005 omani,
1107 2920 1186 2988 orbe
1215 2921 1354 3004 devicto,

134 3038 136 3042 ¹
215 3030 258 3074 ex
287 3020 384 3095 gente
413 3006 474 3074 hac
503 3008 651 3095 captivos
678 3006 836 3074 ducerent
868 3003 996 3088 multos,
1029 3007 1266 3074 constituerunt
1298 3006 1354 3088 eis,

215 3103 252 3161 ut
273 3102 366 3159 extra
387 3093 502 3159 urbem
523 3093 637 3159 domos
665 3090 728 3158 sibi
757 3088 976 3175 sustollerent,
1006 3111 1026 3155 a
1057 3091 1176 3178 quibus
1204 3107 1237 3158 et
1257 3088 1355 3178 paulo

238 3188 289 3244 ost
309 3199 329 3242 a
350 3178 506 3245 Romanis
529 3177 570 3245 ob
593 3176 780 3264 superbiam
802 3187 878 3242 sunt
898 3174 1040 3263 expulsi3
1064 3188 1098 3243 et
1120 3176 1276 3265 quoniam
1292 3174 1356 3264 ipsi

214 3199 388 3329 domorum
417 3283 479 3329 con
520 3263 713 3349 cgationem,
747 3282 831 3350 quae
860 3282 953 3327 muro
983 3283 1048 3327 non
1076 3258 1246 3345 clauditur,
1279 3259 1356 3328 bur·

101 3367 104 3372 ’
214 3358 313 3435 gum⁵
335 3358 455 3447 yocant
479 3285 760 3446 burgundiones·
782 3369 803 3411 a
824 3346 990 3428 Romanis,
1018 3345 1106 3435 quod
1129 3356 1178 3413 est
1199 3367 1220 3410 a
1248 3345 1354 3433 burgo

215 3430 399 3582 ffiulspfl}
439 3396 507 3532 llntr
529 3442 614 3498 sunt.
667 3429 837 3581 (leterani1
850 3430 1030 3498 secundum
1059 3428 1206 3579 naturple
1234 3451 1356 3580 pomielp

423 3538 495 3603 rogi
516 3526 756 3603 nuncupantur.
839 3536 882 3603 go
912 3526 1021 3581 tamen
1049 3537 1149 3582 secun
1173 3536 1229 3579 um
1275 3536 1309 3580 m

216 3682 238 3732 a)
248 3682 380 3784 pnlretrlscls
397 3683 444 3783 1ὅ
478 3680 503 3733 b)
518 3681 552 3720 lic
565 3681 709 3731 prosequitur
725 3679 746 3720 5.
800 3678 821 3731 c)
837 3681 868 3721 ita
887 3682 907 3722 l.
963 3680 986 3733 d)
1002 3681 1157 3732 etlmcllalam
1175 3680 1196 3719 1.
1251 3676 1273 3729 e)
1289 3688 1307 3719 s.
1324 3688 1354 3719 m.

216 3745 232 3783 t.
263 3746 326 3782 ceusu
361 3752 383 3783 a.
421 3751 452 3782 ι.

218 3873 247 3944 1)
268 3875 422 3944 Spoletina,
448 3871 483 3923 ci.
510 3887 591 3940 supra
611 3874 641 3925 11
669 3888 692 3925 c.
714 3872 759 3923 48.
837 3872 867 3941 2)
887 3872 929 3925 Cf.
950 3873 1019 3941 Lag.
1046 3888 1071 3926 c.
1097 3870 1122 3924 ⁶.
1198 3867 1228 3938 3)
1256 3869 1298 3924 cf.
1324 3870 1355 3923 11

216 3965 238 4001 c.
262 3948 313 4013 183
341 3948 457 4001 Vae.
479 3947 523 4000 18.
598 3945 629 4014 4)
650 3949 728 4001 Oros.
748 3947 852 4000 Histoi.
875 3947 940 3999 adr.
965 3962 1066 4016 pagan.
1094 3945 1150 3998 v11
1177 3960 1202 3998 c.
1223 3945 1274 3996 ³2:
1306 3945 1355 3999 hos

217 4022 354 4091 qnondam
367 4023 482 4076 subacta
495 4021 623 4072 interiore
638 4021 785 4074 Germania
800 4060 806 4074 .
821 4059 828 4074 .
842 4037 909 4090 .psr
923 4028 1012 4074 castra
1027 4019 1173 4088 dispositos
1185 4021 1214 4071 in
1228 4033 1356 4086 maguam

217 4096 351 4151 coaluisse
377 4103 488 4165 gentem
514 4101 596 4162 atque
622 4097 661 4147 ita
688 4097 769 4147 etiam
796 4111 895 4149 nomeu
921 4111 954 4146 ex
974 4109 1056 4162 opere
1082 4094 1288 4161 praesumsisse,
1309 4094 1355 4159 qul

218 4171 314 4223 crebra
332 4186 382 4240 per
400 4170 515 4223 limitem
536 4169 694 4221 habitacula
713 4171 860 4222 constituta
882 4169 983 4236 burgos
1001 4173 1112 4220 vocant.
1208 4165 1237 4235 b)
1258 4166 1356 4220 italice

217 4245 307 4314 borpo.
384 4245 411 4306 6)
430 4247 448 4297 i.
470 4260 494 4297 e.
513 4245 572 4296 sine
592 4242 672 4310 (obas
692 4242 861 4311 germanice)
884 4243 980 4310 burgo.
