2932 4718
201 212 255 264 104
367 209 601 265 LIUDPRANDI
620 207 887 264 ANTAPODOSIS.
925 207 999 261 LIB.
1019 207 1052 260 V.
1092 207 1175 261 7-9.

139 378 285 446 seuduas
306 379 337 446 ei
357 381 476 447 iterum
502 378 628 448 Serlius
653 379 742 446 acies
768 377 876 461 mittit,
905 399 973 444 uno
998 375 1202 445 solummodo
1230 398 1342 444 secum

201 473 334 533 retenta.
379 462 529 554 Cumque
552 464 739 547 Auscarius,
768 463 841 551 quis
863 483 997 530 suorum
1017 464 1053 530 in
1074 484 1191 552 campo
1213 482 1343 531 occum-

201 550 304 634 beret,
324 547 422 617 vellet
442 549 616 638 inquirere,
643 570 709 616 non
738 569 800 614 sua
825 559 953 616 tuntum
980 571 1081 638 quam
1109 546 1248 615 aliorum
1269 568 1342 614 san-

201 635 302 725 guine
323 644 511 702 cruentatus
533 633 727 702 Wilsbertus
749 633 781 700 ei
802 635 975 701 secunus
1007 632 1071 702 Oui
1096 643 1128 701 et
1149 634 1210 704 uit:
1234 632 1342 700 ‘Dure

203 730 318 786 contra
347 740 408 786 nos
439 719 551 786 aciesb
583 717 777 808 perpulchre
814 721 914 786 armis
942 719 1120 787 instructae
1152 717 1342 802 adveniunt,

202 825 286 893 ques
305 813 339 872 te
359 805 469 891 potius
491 803 656 873 declinere
676 825 777 892 quam
797 815 973 892 expectare
1001 805 1100 871 etiam
1122 813 1221 894 etque
1243 804 1344 871 etiam

200 909 293 977 rogo.
336 887 498 974 Amodus,
519 899 557 958 ut
577 891 590 956 i
613 912 650 956 se
671 890 756 958 bene
783 890 872 956 nosti
900 910 1033 977 pugnae
1067 888 1164 956 huius
1185 889 1343 972 incentor,
1387 893 1390 899 '

202 971 342 1063 qtraliter
361 973 535 1125 aufugerit,
556 913 661 1042 vides.
702 973 778 1063 Ego
799 994 877 1040 vero
900 976 1026 1062 positus
1039 974 1075 1040 in
1089 975 1256 1058 exuemie,
1277 993 1344 1040 non

203 1059 313 1160 cogito
344 1059 411 1125 iam
465 1082 484 1127 e
516 1081 638 1148 pugna,
672 1059 730 1126 sed
762 1058 1006 1125 misericordem
1037 1058 1138 1126 deum
1168 1079 1251 1147 rogo
1282 1079 1344 1148 pro
1377 1143 1380 1148 ι

69 1170 86 1179 ’
202 1165 323 1228 amma,
355 1165 397 1211 ne
426 1143 507 1210 milri
538 1145 699 1235 inputet⁶,
733 1165 817 1233 quae
850 1142 892 1210 ob
925 1141 1133 1212 dilectionem
1165 1145 1214 1211 tui
1247 1141 1346 1210 bodie

204 1229 383 1296 commerui
406 1229 562 1313 ‹cr-imina,
594 1227 763 1297 hominum
796 1229 870 1295 ueci
902 1227 1010 1296 dendo
1047 1249 1187 1318 corpora
1222 1225 1367 1296 multa'.v

203 1311 267 1380 His
288 1310 428 1402 expletis
450 1315 621 1403 expiravit.

93 1409 98 1422 ·
290 1397 321 1465 8.
354 1395 507 1466 Collectis
527 1399 638 1487 itaque
658 1395 838 1466 Anscarius
868 1419 949 1487 quos
977 1399 1095 1487 potuit,
1117 1395 1245 1465 duobus
1267 1397 1346 1487 pha

202 1479 310 1570 largis
343 1504 526 1567 occurrens,
559 1505 614 1552 eas
646 1485 730 1551 inter
761 1481 957 1550 furibundus
989 1481 1102 1550 insiliit
1137 1495 1347 1637 stragempue

203 1567 409 1634 innumeram
437 1568 537 1636 dedit
588 1566 708 1636 Comes
738 1566 882 1656 quidam,
916 1566 1017 1635 Hatto
1045 1569 1187 1653 nomine,
1218 1569 1284 1635 due
1307 1589 1347 1634 us

203 1649 266 1719 illis
288 1663 417 1740 preerat
437 1650 583 1738 aciebus,
605 1655 662 1743 qui
682 1651 744 1719 hae
758 1653 918 1720 Anscario
942 1655 1082 1720 occurrit
1110 1652 1235 1737 fidutia,
1267 1675 1346 1741 quo·

204 1737 304 1821 uiam
339 1737 505 1806 confracta
533 1738 599 1804 iam
627 1736 751 1822 lancea,
786 1736 889 1805 solum
920 1739 956 1803 in
987 1760 1089 1806 manu
1120 1740 1190 1806 eius
1219 1738 1348 1806 viderat

204 1821 342 1889 bustam.
394 1820 501 1905 Quem
526 1821 607 1889 dum
635 1823 771 1890 intuitus
800 1833 887 1889 esset
916 1823 1111 1890 Anscarius:
1157 1822 1261 1890 ‘Tune
1287 1825 1347 1906 es',

85 1938 87 1942 ·
205 1907 287 1990 infit,
311 1909 377 2009 ‘qui
400 1917 586 2009 contempto
610 1908 716 1973 crucis
732 1917 765 1974 et
779 1919 966 1974 sanctorum
980 1909 1174 1992 iuramento,
1196 1909 1347 1998 periurus

203 1992 239 2058 in
260 2013 391 2059 nomme
412 1991 466 2061 dei
487 2001 536 2058 tur
557 2015 611 2060 me
632 2001 725 2060 tuum
754 1991 924 2059 dominum
953 1991 1135 2078 deseruisti,
1160 2003 1193 2062 et
1213 1991 1257 2060 ud
1278 1989 1348 2058 vul·

204 2098 282 2166 pem
305 2075 448 2144 Sarlium
469 2077 639 2164 uamfuga
658 2097 698 2142 oc
720 2076 867 2144 desertor
887 2077 1009 2146 abisti?

334 2160 419 2228 Esse
441 2161 568 2252 sliquos
589 2183 703 2229 manes
725 2174 759 2229 et
780 2160 991 2230 subterranea
1011 2174 1146 2252 regntss,

204 2247 240 2314 iu
262 2245 382 2336 quibus
403 2248 526 2347 periuri
547 2247 733 2335 puniantur,
756 2244 932 2315 Cocituml
953 2249 1052 2316 etiam
1074 2258 1108 2315 et
1182 2270 1185 2275 ·

334 2331 439 2419 stigio
461 2353 558 2399 ranas
577 2333 614 2398 iu
634 2333 765 2422 gurgite
786 2334 928 2433 nigrus2,

229 2417 265 2484 ni
293 2416 1139 2586 mdppeemmffimpmffp,sirpe1psrpoqusppabppx
1152 2417 1347 2569 elxddlrbmdd

152 2673 156 2680 ‚
205 2584 313 2653 relide
334 2550 467 2669 iacierls,
490 2524 648 2674 sengulnll
671 2586 870 2688 cerebroque
888 2525 1070 2675 residuam
1084 2524 1152 2676 pel>
1159 2587 1348 2676 occipitium

205 2670 336 2756 eduxit3
360 2693 502 2772 enseque
524 2671 698 2754 abstracto,
721 2694 875 2760 quomam
898 2670 993 2738 multi
1015 2693 1114 2761 super
1128 2693 1163 2739 se
1177 2672 1349 2756 irruerant,

205 2755 362 2823 dimicare
383 2766 510 2823 neuter
531 2757 631 2844 cepit.
676 2755 837 2845 Cumque,
858 2755 955 2822 nullis
984 2755 1047 2823 sibi
1073 2754 1348 2825 amminiculanti-

203 2840 278 2924 bus,
301 2841 447 2906 omnium
469 2862 574 2929 poene
596 2839 738 2906 hostium
768 2840 857 2908 solus
882 2843 1043 2930 impetum
1073 2841 1256 2926 sustineret,
1282 2840 1348 2909 buc

205 2923 282 2992 illuc
305 2947 347 2992 ue
370 2925 565 3009 discurrens,
587 2927 720 3014 sonipes
742 2948 808 3014 quo
830 2925 1012 2993 insederat⁰
1034 2926 1116 2994 adeo
1139 2927 1174 2993 iu
1196 2927 1348 2995 scrobem

206 2947 334 3094 cecidt,
368 3020 405 3077 ut
437 3008 520 3076 collo
556 3011 727 3099 supposito
756 3010 962 3100 pedibusque
989 3033 1118 3078 sursum
1147 3012 1272 3095 erectis,
1307 3034 1347 3080 eo

205 3116 311 3183 usque
333 3116 432 3183 super
451 3095 650 3162 Anscerium
671 3097 803 3181 iaceret,
831 3095 935 3163 donec
963 3096 1005 3163 ub
1028 3095 1226 3164 irruentibus
1245 3096 1348 3172 bosti-

206 3179 269 3247 bus
302 3178 433 3248 directis
465 3178 642 3248 missilibus
676 3180 889 3251 occideretur.
945 3181 1019 3264 Quo
1049 3193 1188 3266 mortuo,
1223 3180 1348 3249 Sarlius

60 3333 62 3335 ,
206 3285 318 3332 marca
337 3286 450 3332 secure
464 3266 597 3356 potitur,
619 3275 652 3332 et
670 3288 731 3332 rex
751 3265 852 3355 Hugo
876 3266 996 3354 gaudio
1015 3266 1163 3334 inmenso
1178 3265 1349 3334 afficiunt

153 3372 196 3429 (e.)
292 3349 323 3415 9.
361 3349 453 3416 Dum
481 3349 562 3417 haec
591 3360 741 3439 aguntur,
775 3362 930 3418 montana
963 3351 1083 3441 quibus
1115 3353 1158 3421 ab
1192 3351 1349 3419 occidnut

104 3435 157 3478 ⁹⁴¹·
173 3444 265 3500 ⁶·seu
284 3434 527 3522 septentrionali
541 3433 637 3502 Italia
658 3436 803 3522 cinffl'tur
845 3447 925 3519 erte,
948 3458 969 3502 a
991 3435 1163 3503 Saracenis
1181 3438 1348 3505 Fraxeue·
1404 3481 1407 3486 -

206 3527 277 3585 tum
299 3518 542 3587 inhabitanibus
565 3518 787 3586 crudelissime
833 3543 894 3609 epo
919 3520 1080 3587 ulanturs.
1156 3520 1349 3590 uamobrem

205 3602 307 3691 Hugo
329 3626 390 3671 rex
411 3603 545 3671 consilio
567 3615 713 3693 accepto,
736 3607 869 3673 nuntios
892 3543 1150 3696 domuntinopo
1165 3607 1208 3672 'm
1226 3607 1349 3695 dirigit,

204 3710 326 3777 rogans
359 3690 589 3780 imperatorem
621 3689 802 3776 Romanon,
836 3701 873 3757 ut
903 3713 1006 3759 naves
1040 3689 1103 3758 sibi
1137 3690 1244 3758 Greco
1273 3712 1349 3758 cum

206 3833 231 3887 e)
246 3837 335 3878 occurit
351 3839 373 3880 1.
418 3834 520 3887 blectee
537 3837 558 3877 1.
606 3836 627 3888 c)
640 3841 732 3889 utputet
748 3841 769 3880 1.
815 3836 944 3889 d)coltnm
960 3849 1019 3884 eurr.
1034 3839 1106 3880 eadm
1121 3849 1189 3880 meu
1205 3837 1315 3882 centrum
1327 3840 1348 3882 1.

207 3895 316 3938 Ocritum
333 3897 354 3936 2.
417 3896 439 3949 e)
454 3895 603 3937 insedederet
620 3899 641 3939 1.
703 3895 853 3951 oboccidue
867 3910 924 3938 corr.
941 3899 1040 3941 occidue
1058 3901 1077 3941 1.
1134 3897 1157 3951 ς)
1174 3898 1350 3950 depopulentur

206 3965 266 3997 corr.
283 3955 440 4007 depopuletur
457 3958 478 3998 1.
494 3967 618 3997 scetem
630 3958 722 4008 poeotes
737 3963 855 4008 usurpata.

209 4086 238 4154 1)
259 4088 384 4140 Iuveuel.
410 4088 468 4142 Set.
495 4089 539 4152 11,
567 4090 630 4141 149.
708 4087 737 4156 2)
757 4090 881 4142 Inveuel.
906 4090 926 4143 l.
945 4091 964 4144 l.
986 4091 1048 4145 150.
1125 4089 1155 4157 3)
1177 4089 1348 4144 (litlebec

206 4163 431 4231 pugnaHugouie
443 4162 654 4216 destructionem
663 4166 819 4216 monosterii
827 4164 966 4219 Perseusie
977 4181 1002 4217 c.
1012 4165 1056 4230 11,
1066 4164 1136 4217 lun.
1147 4165 1270 4218 Patiens.
1278 4164 1347 4216 eto:

205 4235 353 4289 buscarius
373 4237 493 4290 marchio
513 4238 583 4292 obiit
603 4235 664 4305 (SS.
686 4237 734 4301 xl,
756 4239 819 4290 637.
846 4237 922 4306 688).
