2932 4718
351 234 584 290 umbrarum
603 235 778 290 Lucumo.
817 236 919 291 9-11.
1161 239 1211 288 141

72 408 158 474 banc
179 430 299 474 novam
321 406 464 474 baberet.
508 405 612 473 Nemo
634 404 680 473 ibi
702 428 792 489 auro,
814 428 910 474 nemo
926 407 1065 494 gemmis
1080 417 1213 474 ornatus
1223 428 1275 474 sss.

71 505 152 577 erat,
173 495 236 561 nisi
257 494 327 581 ipse
350 491 437 558 solus
454 491 668 581 Nicephorus,
690 514 787 580 quem
808 489 990 581 imperialia
1013 505 1211 576 ornamenta,
1221 488 1274 533 ¹¹⁸²·
1292 490 1311 534 ⁷·

71 579 114 646 ad
137 580 298 646 maiorum
319 599 474 666 personas
497 592 627 667 sumpta
649 590 681 645 et
696 578 885 666 composita,
908 576 1086 645 foediorem
1105 576 1213 644 reddi·

70 665 196 732 derant.
240 664 304 730 Per
325 661 463 730 salutem
483 672 634 746 vestram,
667 684 751 751 quae
781 661 861 729 mibi
887 684 961 730 mea
983 664 1089 730 carior
1111 674 1212 746 extat,

70 773 137 817 una
163 759 344 816 vestrorum
366 749 514 848 pretiosa
539 749 639 816 vestis
670 770 851 837 procerum,
881 759 1012 815 eentum
1037 748 1151 815 borum
1180 760 1213 815 et

70 859 110 902 eo
131 834 270 934 amplius
291 834 464 923 pretiosior
485 833 549 900 est!
580 832 711 900 Ductus
739 855 800 922 ego
822 833 867 900 ad
888 837 1075 919 προέλευσιν
1095 835 1210 922 ipsam,

69 923 106 987 in
127 921 332 987 ammenticri
356 917 430 986 loeo
452 919 544 986 iuxta
564 918 697 1009 psaltas,
725 919 760 985 id
782 931 831 986 est
852 931 1011 1004 cantores,
1040 941 1113 985 sum
1135 941 1211 986 con·

71 1006 215 1072 stitutus.

159 1093 208 1158 10.
243 1089 393 1179 Cumque
416 1090 510 1178 quasi
536 1102 667 1178 reptans
693 1100 873 1156 monstrum
901 1088 983 1157 illud
1001 1089 1211 1178 procederet,

69 1175 257 1248 clamabant
287 1173 471 1242 adulatores
499 1174 640 1263 psaltae:
675 1173 773 1241 ‘Ecce
801 1176 891 1243 venit
919 1173 1012 1243 stella
1040 1176 1210 1259 matutina,

70 1264 178 1351 surgit
198 1261 299 1345 Eous,
326 1260 513 1328 reverberat
540 1261 657 1328 obtutu
684 1259 760 1326 solis
781 1260 899 1342 radios,
929 1259 1051 1349 pallida
1074 1260 1208 1329 Saraos-

69 1371 189 1414 norum
216 1369 314 1431 mors,
341 1344 545 1434 Nicephorus
575 1349 687 1428 μέδων,
715 1345 750 1411 id
772 1358 821 1412 est
842 1347 1017 1435 princepsl’
1055 1345 1153 1413 Unde
1177 1357 1211 1414 et

70 1433 280 1500 cantabatur:
310 1433 457 1514 ‘pronora
479 1431 514 1497 id
536 1443 585 1499 est
606 1432 757 1582 principi,
788 1430 985 1519 Nicephoro,
1018 1433 1119 1498 πολλὰ
1144 1435 1209 1516 ἔτη,

69 1519 106 1586 id
128 1529 178 1585 est
196 1516 306 1605 plures
328 1517 406 1583 anni
427 1517 528 1582 sint¹l
570 1515 692 1584 Gentes
737 1537 800 1582 unc
822 1514 965 1598 adorate,
993 1515 1081 1582 buno
1102 1516 1209 1601 colite,

69 1603 148 1670 huic
161 1613 251 1670 tanto
273 1599 355 1668 colla
370 1601 498 1670 subdite
508 1603 526 1666 l’
547 1602 678 1686 Quanto
693 1612 771 1669 tunc
786 1602 896 1668 verius
910 1611 1076 1669 canerem:
1100 1600 1208 1670 Oarbo

69 1690 229 1758 exstincte
255 1688 340 1771 veni,
368 1689 466 1771 ptus,
488 1709 569 1754 anus
592 1689 732 1771 incessu,
761 1684 925 1838 Splvanus
952 1685 1055 1771 vultu,
1077 1689 1208 1769 rustice,

68 1774 256 1862 lustrivage,
290 1775 449 1861 capripes,
483 1783 625 1858 cornute,
655 1773 776 1840 bimem
801 1773 855 1858 ris,
887 1773 1017 1861 setiger,
1049 1771 1208 1857 indocilis,

132 1860 219 1942 estis,
239 1856 507 2010 barbalplefifldnre,
529 1856 643 1926 villose
653 1869 676 1942 ²,
702 1856 842 1942 rebellis,
871 1856 1067 1959 Cappadox!
1101 1858 1120 1924 I
1145 1859 1209 1926 'tur

68 1945 88 2012 f
133 1945 227 2012 idiois
248 1942 344 2010 illis‘
413 1954 464 2011 tus
491 1946 627 2028 naeniis,
658 1954 804 2010 sanctam
832 1942 990 2033 Sopbiam
1016 1944 1108 2031 ingre
1134 1945 1207 2029 tur,

68 2031 211 2097 dominis
245 2029 311 2095 suis
343 2028 594 2118 imperatoribus
624 2051 659 2096 se
688 2051 709 2095 a
736 2027 832 2116 longe
864 2028 1076 2118 sequentibus
1109 2039 1142 2096 et
1173 2030 1208 2095 in

68 2116 162 2206 pacis
184 2112 295 2182 osculo
322 2113 365 2180 ad
392 2125 511 2182 terram
540 2136 645 2203 usque
673 2113 893 2181 adorantibus.
937 2113 1089 2201 Armiger
1110 2114 1207 2181 huius

70 2201 191 2289 sagitta
212 2199 505 2267 calamotmmissa
525 2209 676 2267 aeram¹⁸
698 2201 734 2266 in
755 2198 893 2267 ecclesia
907 2200 1009 2288 ponit,
1032 2221 1117 2288 quae
1133 2221 1207 2288 pro-

23 2364 25 2368 ·
68 2287 231 2376 sequitur,
265 2306 330 2374 quo
358 2285 513 2352 nimirum
540 2297 686 2373 tempore
714 2285 875 2374 imperare
909 2286 1061 2372 eoeperit,
1095 2295 1128 2353 et
1160 2286 1207 2351 sic

68 2394 190 2455 aeram,
213 2371 270 2460 qui
290 2369 326 2437 id
347 2392 414 2436 non
435 2369 598 2454 viderunt,
619 2369 821 2459 intellegunt

157 2459 208 2523 11.
240 2455 315 2522 Hac
337 2454 451 2524 eadem
473 2454 526 2522 die
549 2457 720 2522 convivam
741 2478 794 2523 me
816 2454 879 2523 sibi
900 2477 971 2522 esse
993 2454 1097 2523 iussit
1131 2455 1208 2522 Non

68 2553 159 2611 ratus
180 2549 300 2625 autem,
323 2563 376 2609 me
397 2539 533 2642 dignum
555 2564 625 2608 esse
648 2542 790 2630 cuipiam
818 2562 949 2607 suorum
975 2541 1113 2629 proponi
1133 2562 1207 2629 pro·

70 2651 191 2711 cerum,
214 2626 347 2717 quintus
369 2626 516 2694 decimus
533 2625 575 2692 ab
591 2648 630 2694 eo
645 2626 770 2715 absque
784 2647 929 2715 gausape
951 2624 1037 2711 sedi3
1059 2648 1208 2694 meorum

68 2736 164 2782 nemo
197 2713 362 2796 comitum,
396 2733 462 2778 non
494 2710 569 2778 dico
602 2709 707 2778 solum
734 2734 866 2780 mensae
893 2733 961 2779 non
985 2711 1117 2797 assedit,
1149 2710 1208 2780 sod
1299 2754 1302 2759 »

68 2822 177 2888 neque
199 2798 343 2883 domum,
371 2798 407 2864 in
434 2819 500 2886 qua
522 2799 660 2864 conviva
687 2821 786 2881 eram,
813 2796 904 2864 vidit
955 2797 1029 2948 (pua
1050 2798 1083 2863 in
1106 2819 1209 2865 coena

67 2885 225 2972 temporis
254 2884 343 2968 satis,
377 2894 410 2951 et
438 2882 589 2967 obscena,
623 2882 787 2951 ebriorum
816 2905 916 2968 more,
951 2904 1022 2951 oeo
1051 2881 1207 2968 delibuta,

68 2968 198 3058 alioque
228 2967 371 3058 quodam
394 2967 566 3035 deterrimo
592 2969 733 3057 piscium
760 2967 908 3058 liquore⁴
936 2989 1078 3056 aspersa,
1105 2966 1208 3034 multa

67 3077 169 3144 super
198 3055 344 3143 potentia
368 3065 485 3137 vestra,
507 3051 610 3120 multa
638 3076 738 3144 super
766 3056 878 3142 regnis
906 3061 938 3119 et
958 3051 1115 3120 militibus
1153 3075 1207 3122 me

68 3140 208 3242 rogavit.
253 3139 316 3208 oui
338 3160 415 3205 cum
437 3147 673 3226 consequenter
694 3150 727 3206 et
747 3161 823 3207 vere
845 3137 1085 3240 responderem,
1109 3104 1207 3207 ‘llan-

68 3227 176 3312 tunsl',
208 3225 270 3310 ait,
304 3224 438 3291 ‘domini
470 3224 518 3291 tui
550 3222 667 3291 milites
700 3223 867 3314 equitandi
899 3246 1013 3312 ignaru,
1046 3221 1207 3311 pedestris

67 3333 200 3401 pugnae
215 3320 291 3377 sunt
303 3311 408 3394 inscii,
430 3313 598 3378 scutorum
613 3309 813 3399 magnitudo,
835 3306 1009 3375 loricarum
1023 3308 1208 3396 gravitudo,

67 3397 197 3465 ensium
229 3394 416 3496 longitudo,
508 3417 617 3462 earum
643 3417 683 3461 ue
719 3393 847 3482 pondus
880 3403 995 3461 neutra
1025 3404 1118 3483 parte
1150 3417 1207 3462 cos

68 3503 218 3572 pugnare
240 3483 335 3568 simt',
355 3503 458 3548 ac.su
480 3480 606 3548 ridens:
621 3417 798 3570 llmpedit’,
819 3479 934 3569 inquit,
959 3486 1024 3545 ‘eos
1045 3488 1079 3546 et
1093 3481 1208 3568 gastri-

64 3645 268 3701 a)sl.sram0.

70 3762 100 3834 l)
121 3763 243 3817 eodinus
263 3761 392 3830 Cnropal.
420 3761 469 3815 lib.
490 3763 524 3817 de
549 3763 622 3819 offic.
648 3763 728 3815 sulse
749 3761 956 3831 constantinop.
976 3752 1035 3831 ἅμα
1054 3751 1140 3832 doru}
1159 3754 1207 3814 τὸν

68 3835 184 3911 βασιλέα
202 3834 329 3910 φανῆναι,
349 3835 376 3891 οἱ
394 3831 498 3908 ψάλται
517 3830 611 3892 αὐτίκα
629 3831 766 3908 ψάλλουσι
777 3831 809 3889 τὸ
822 3831 1010 3909 πολυχρόνιον,
1028 3835 1207 3904 simulatque

69 3919 184 3982 apparet
200 3914 349 3982 imperator
368 3917 492 3966 cantores
512 3915 602 3966 statim
624 3917 738 3976 emunt3
759 3910 794 3963 ad
808 3911 1015 3974 multosanuos,
1036 3907 1108 3977 quod
1123 3909 1223 3965 (turo.

68 3985 165 4057 palata
189 3992 272 4041 vocat
296 3983 504 4060 πολυχρονίζειν.
546 3987 583 4040 Et
597 3988 689 4056 ipsam
708 3987 845 4040 actionem
864 4001 914 4039 sen
933 3985 1087 4038 emtionem
1107 3984 1207 4039 multos

68 4077 156 4115 annos
176 4061 317 4131 precandi,
335 4055 547 4133 πολινχρόνισμα.
569 4058 597 4113 0.
673 4058 704 4129 2)
724 4059 766 4113 cf.
786 4061 851 4114 Ant.
870 4060 896 4112 V
916 4076 942 4114 e.
955 4057 1000 4122 82,
1019 4059 1122 4113 Versus
1142 4061 1208 4115 Ovi·

69 4137 116 4190 dio
135 4136 239 4191 Nasoni
258 4136 373 4189 tributos
393 4135 516 4204 (Antbol.
536 4135 584 4188 lat.
605 4133 639 4188 ed
662 4135 744 4188 Riese
765 4151 789 4188 c.
807 4133 875 4203 682)
887 4153 914 4188 v.
929 4136 953 4187 1.
974 4136 1001 4187 3.
1021 4133 1049 4188 4.
1106 4132 1136 4202 3)
1149 4135 1168 4187 ἰ.
1183 4149 1207 4188 s.

68 4226 169 4338 anrprzm
189 4211 306 4340 iprperiti.
386 4207 418 4278 4)
438 4209 569 4338 ddpdintrs
589 4225 614 4263 e.
636 4210 686 4262 182
705 4209 826 4278 salsugo,
846 4226 870 4264 c.
891 4209 940 4261 20:
961 4223 1026 4276 garo
1048 4207 1208 4276 delibutum,

65 4303 93 4341 e.
157 4301 247 4340 :ooo
268 4300 282 4338 e
315 4299 383 4351 garo
401 4300 447 4338 sor
496 4300 548 4340 am.
