2932 4718
343 234 578 288 LIUDPRANDI
597 236 775 289 HISTORIA
797 237 964 290 OT'IONIS.
1004 237 1087 289 a·4.
1237 240 1290 292 126

144 404 229 468 mum
252 415 350 492 atque
373 403 588 493 Adalpertum
614 404 750 472 celerius
776 426 876 492 regno
904 406 1040 494 expulit,
1069 418 1190 497 quanto
1213 431 1350 477 con-ser.

146 498 217 572 stat,
255 487 343 639 quod
381 488 615 558 commilitones
648 490 781 558 Petrum
819 502 853 557 et
888 491 1028 558 Paulum
1065 495 1288 562 sanctissimos

145 584 260 662 aposto
274 597 309 640 os
331 573 454 642 habuit.
499 576 610 642 Bonus
634 578 745 664 itaque
768 599 827 642 rex
849 576 997 665 dispersa
1026 600 1230 667 congregans
1256 592 1290 648 et
1297 613 1384 656 ems,

143 658 247 725 fracta
262 657 478 745 consolidans,
501 661 589 748 quod
611 663 731 750 cuique
752 664 922 751 proprium
944 661 1008 730 fuit
1021 664 1189 748 restiurit1,
1212 662 1288 732 dein
1299 673 1336 726 ⁸⁴,
1354 675 1390 716 1⁶·

144 743 283 811 Romam
308 744 428 811 similia
448 745 594 813 facturus
616 746 749 813 adivit2.

230 830 261 896 3.
293 829 361 897 Ubi
393 831 475 897 miro
511 842 626 898 ornatu
659 853 810 920 novoque
839 843 1000 920 apparatu
1031 843 1212 921 susceptus,
1246 833 1349 903 abaci.

145 913 258 981 eodem
275 937 402 983 summo
417 916 572 1016 pontifice
587 926 619 984 et
633 915 810 984 universali
831 939 918 1004 papa
938 918 1084 984 Iohanne
1099 919 1286 986 unctionem

144 1001 292 1089 suscepit
310 1002 455 1090 impeni3
478 1001 583 1069 solum
610 1005 745 1091 propria-
773 1023 840 1067 non
868 1004 1019 1086 restituit,
1044 1021 1160 1069 verum
1187 1005 1287 1072 etlam

143 1083 331 1173 ingentibus
352 1109 564 1175 gemmarum,
587 1088 659 1153 auri
680 1089 807 1175 argenti
831 1110 872 1154 ue
893 1087 1084 1156 muneribus
1104 1088 1287 1157 honoravit
1398 1167 1399 1170 Ἴ

143 1170 375 1254 Iusiurandum
397 1195 476 1239 vero
498 1170 540 1240 ab
563 1170 678 1240 eodem
700 1195 788 1261 papa
809 1108 954 1240 Iohanne
970 1196 1070 1262 supra
1084 1175 1366 1263 preciosissi-resr.
1384 1201 1405 1242 s.

143 1277 235 1322 mum
257 1279 377 1345 corpus
399 1257 617 1341 nutrirent,
639 1268 739 1346 atqua
762 1257 911 1324 omnibus
929 1261 1069 1327 civitatis
1084 1259 1286 1347 proceribus,

144 1363 179 1409 se
207 1364 285 1408 num
310 1363 385 1408 uam
414 1343 612 1430 Berengario
641 1353 740 1431 atque
762 1342 940 1411 Adelbertc
968 1343 1211 1431 auxiliaturum,
1232 1366 1287 1413 ac·

145 1427 240 1515 cepit.
283 1365 364 1494 dost
384 1427 446 1495 hec
468 1429 517 1494 Pa
541 1429 647 1493 iam⁸³
671 1430 858 1517 quantotius
880 1429 1059 1518 repedavit.
1296 1452 1365 1496 nan.
1384 1454 1420 1499 so.

229 1514 260 1579 4.
293 1513 422 1580 Interea
453 1451 599 1602 prelbtus
630 1534 720 1601 papa
747 1512 917 1597 Iohannes,
950 1515 1123 1580 iuramenti
1153 1525 1185 1582 et
1212 1536 1349 1605 pro-ess.

144 1598 307 1664 missionis
330 1595 450 1664 oblitus
473 1620 572 1686 quam
600 1611 712 1664 sancto
741 1599 863 1666 fecerat
889 1599 1088 1688 imperatori,
1117 1599 1158 1667 ob
1188 1599 1287 1668 Adel-

144 1685 283 1767 bertum,
306 1692 342 1749 ut
364 1706 399 1749 se
422 1683 527 1767 adeat,
549 1684 658 1768 mittit,
679 1684 861 1752 iuramento
883 1686 913 1750 ei
936 1684 1121 1771 adfirmans,
1145 1708 1180 1753 se
1194 1685 1287 1754 illum

144 1781 258 1837 contra
284 1769 481 1838 sanctissimi
508 1771 714 1863 imperat-oris
741 1771 922 1873 potentiam
949 1769 1147 1839 adiuturum.
1191 1769 1286 1840 Adeo

144 1860 231 1925 enim
253 1860 394 1928 eundem
418 1857 641 1946 Adelbertum,
663 1856 854 1929 eclesiarum
877 1859 932 1928 dei
954 1857 1165 1951 eiusdemque
1179 1881 1286 1950 papae

142 1943 298 2013 Iohannis
320 1949 596 2037 persecutoremb,
617 1949 795 2037 imperator
817 1958 948 2014 sanctus
970 1958 1139 2031 tenuerat,
1162 1957 1198 2013 ut
1219 1967 1287 2013 om·

143 2053 219 2097 nem
233 2030 363 2099 Italiam
378 2031 541 2118 deserens,
556 2033 771 2101 Fraxinetum
786 2031 899 2117 adiret,
915 2054 1015 2121 seque
1031 2031 1287 2099 Sarracenos-um

143 2114 221 2183 fidei
244 2119 495 2187 commenda-ret.
539 2117 722 2206 Imperator
745 2117 886 2206 denique
906 2119 1022 2202 iustus,
1051 2140 1110 2184 cur
1129 2115 1288 2185 Adelber·

142 2210 213 2267 tum·
226 2200 389 2271 Iohannes
408 2225 507 2293 papa,
531 2226 630 2292 quem
639 2205 736 2304 prius
751 2202 826 2270 odio
841 2202 1030 2270 vehementi
1043 2201 1287 2292 insequebatur,

143 2309 233 2353 nunc
255 2286 415 2376 diligeret,
436 2290 514 2355 satis
536 2291 649 2354 mirari
669 2312 736 2355 non
757 2290 875 2378 potuit
919 2289 1097 2355 Accersitis
1121 2309 1219 2377 quam
1244 2289 1286 2356 ob

142 2393 213 2437 rem
243 2372 438 2461 quibusdam
469 2371 694 2458 familiaribus,
728 2376 755 2440 si
784 2374 848 2441 hoc
876 2396 992 2440 verum
1021 2382 1116 2456 esset,
1147 2372 1288 2440 Romam

144 2455 255 2546 dirigit
286 2470 524 2547 percontatum.
581 2459 732 2549 Cumque
765 2460 881 2527 eodem
912 2460 1018 2526 nuntii
1052 2459 1287 2547 pervenissent,

142 2539 330 2610 huiusmodi
352 2567 417 2611 non
432 2566 453 2609 a
468 2543 668 2634 quibuslibet
688 2555 745 2611 aut
767 2547 890 2647 paucis,
913 2543 972 2610 sed
994 2540 1036 2609 ab
1056 2541 1207 2610 omnibus
1221 2542 1288 2610 Rc·

142 2630 268 2694 manis⁰
306 2631 432 2696 civibus
465 2652 622 2719 responsa
654 2631 852 2732 suscipiunt:
888 2630 972 2696 ‘Non
1009 2628 1122 2718 dispar
1156 2628 1288 2695 videtur

142 2715 235 2798 ratio,
264 2735 323 2780 cur
348 2715 510 2782 Iohannes
538 2737 625 2804 papa
653 2717 893 2782 sanctissimum
923 2716 1163 2802 imperatorem,
1191 2735 1287 2780 suum

142 2798 266 2866 scilicet
287 2822 330 2866 ex
351 2799 522 2868 Adalberti
544 2802 697 2868 manibus
718 2799 937 2882 liberatorem,
960 2809 993 2866 et
1014 2798 1166 2867 diabulus
1182 2797 1288 2866 oderit

142 2900 330 2955 meanrem.
363 2887 554 2976 Imperator,
577 2886 854 2975 quemadmodum
877 2908 913 2951 re
934 2886 1007 2973 ipsa
1022 2884 1149 2973 experti
1165 2906 1286 2969 sumus,

142 2993 280 3062 eaquae
302 2971 355 3039 dei
378 2985 454 3039 suut
468 2974 562 3062 sapit,
586 2984 748 3061 operatur,
772 2970 891 3059 diligit3
914 2969 1136 3036 ecclesiastica
1150 2982 1286 3036 etsecu·

140 3055 222 3124 laria
243 3059 374 3146 negotia
397 3059 495 3124 armis
510 3068 644 3141 tutatur,
667 3057 814 3123 moribus
831 3068 933 3139 omat,
955 3052 1083 3142 legibus
1098 3054 1285 3139 emundat⁴,

141 3142 303 3210 Iohannes
324 3165 412 3233 papa
440 3143 491 3209 his
521 3142 673 3210 omnibus
702 3141 904 3208 adversatur.
947 3139 1021 3205 Nou
1050 3138 1285 3241 clampcpulp

141 3241 199 3313 est,
223 3228 312 3317 quod
333 3227 481 3294 fatemur.
526 3227 632 3294 Testis
662 3238 711 3294 est
731 3227 877 3292 Rainerii
905 3225 957 3290 sui
977 3225 1081 3376 ipsius
1103 3222 1215 3290 nnhtrs
1236 3247 1285 3290 vr·
1302 3284 1307 3293 .

141 3313 215 3399 dua,
249 3336 349 3402 quarn
376 3335 474 3380 caeco
506 3330 621 3401 captus
650 3314 735 3400 igne,
768 3310 878 3377 midde
908 3311 1107 3400 *prexectam
1136 3306 1337 3394 urbibus,'.
1394 3355 1401 3368 .

140 3461 446 3563 elpqp13mv⁸eplpeltrtum
464 3461 482 3503 2.
499 3461 658 3512 petrianae.
704 3458 729 3512 b)
744 3463 895 3511 persecutore
912 3459 933 3499 1.
979 3455 1002 3511 c)
1017 3438 1105 3498 seb-eb
1120 3456 1229 3499 omnibus
1245 3458 1287 3499 eut

139 3532 223 3575 peuce
259 3532 298 3562 om
340 3531 351 3562 s
382 3548 389 3562 .
638 3531 640 3534 ⁴

142 3616 370 3688 li'Liudpraudo
390 3633 499 3686 quoque
518 3619 708 3686 episcopatum
727 3616 938 3669 Cremonensem
962 3619 1029 3665 tuuc
1049 3610 1158 3664 dedisse
1177 3611 1287 3665 videtur

141 3695 177 3748 cf.
197 3709 279 3762 supra
297 3693 504 3762 praefationem.
564 3690 595 3758 2)
608 3692 651 3744 De
666 3692 766 3745 Ottone
778 3690 884 3743 Romae
898 3693 1021 3741 morante
1035 3686 1123 3739 codex
1135 3687 1286 3740 Vaticanus

143 3768 215 3820 1840
235 3767 340 3821 saeculi
350 3767 421 3819 XIII
440 3767 523 3818 refert
542 3763 591 3833 (W
592 3764 716 3829 susach,
736 3763 864 3817 Pontific.
883 3763 998 3814 Roman.
1017 3757 1285 3828 Vitas1,4tin.8):

140 3842 239 3895 ‘Huius
264 3840 296 3907 (i.
316 3858 341 3894 e.
361 3837 505 3908 Iohannis)
529 3846 652 3909 tempore
677 3839 787 3893 scilicet
811 3853 883 3891 enno
910 3835 1064 3888 dominicae
1088 3835 1286 3887 mcumuticnis

141 3915 349 3971 ncccunxn
368 3917 484 3985 primum
503 3916 580 3967 veuit
597 3916 702 3969 Romae
716 3912 770 3966 Oto
788 3914 936 3981 imperator
956 3924 1017 3964 cum
1030 3907 1176 3976 Adeleyda
1191 3922 1287 3961 mense

141 3984 269 4044 Ianuario
290 3990 335 4043 die
354 3990 457 4043 XXXI.
476 3990 545 4041 ferie
564 3990 613 4043 VI.
634 3995 662 4041 et
675 3989 751 4041 stetit
762 3987 802 4039 ibi
815 3985 913 4038 diebus
926 3985 977 4038 XV
991 3989 1018 4036 et
1032 3984 1099 4036 exiit
1111 3982 1176 4035 iude
1192 3997 1286 4036 meuse

140 4065 292 4118 Februario
316 4064 361 4117 die
381 4063 469 4117 XIIII
495 4062 603 4116 scilicet
628 4064 776 4116 festivitate
801 4061 889 4115 sancti
910 4058 1050 4113 Valentini
1071 4056 1223 4110 indictione
1242 4055 1287 4110 V'.

142 4136 173 4208 3)
186 4154 211 4192 a.
225 4139 289 4192 962.
298 4138 377 4208 April
391 4139 416 4191 2.
431 4139 458 4192 9.
477 4137 522 4189 20.
536 4136 686 4206 diplomata
699 4138 739 4190 ibi
753 4134 891 4199 condidit3
907 4134 942 4186 cf.
958 4133 1058 4185 contin.
1070 4133 1206 4209 Reginca.
1221 4130 1286 4183 962.

141 4212 172 4281 4)
181 4213 249 4266 Hor.
264 4229 308 4282 ep.
321 4213 359 4278 11,
380 4214 395 4265 1
416 4230 443 4265 v.
465 4212 490 4264 2.
510 4211 541 4263 3:
561 4211 617 4265 Res
635 4211 721 4265 Italus
741 4212 823 4264 armis
842 4210 947 4273 tuteris,
968 4206 1086 4259 moribus
1106 4221 1194 4270 ornes,
1211 4204 1215 4274 Ι
1231 4205 1286 4259 Le·

136 4288 222 4355 gibus
242 4287 388 4341 emendes'.
