2932 4718
383 206 618 261 LIUDPRANDI
639 207 813 263 haemo.
851 209 973 261 ts-to.
1202 212 1254 266 1⁶⁶

107 375 226 445 debere
251 377 441 458 Saracenos,
463 375 522 442 sed
543 375 687 442 Francos
710 388 894 462 conterere3
918 400 982 468 qna
1004 377 1143 447 lectione
1159 379 1317 448 Sara-sss.

107 463 179 530 ceni
201 462 345 545 animati,
367 472 442 528 ante
457 461 632 528 triennium
647 483 723 527 cum
738 460 889 530 Manuele
904 465 1052 553 patricio,
1075 463 1254 554 Nicephori

108 557 239 636 nepote,
262 549 355 612 iuxta
378 543 522 634 Scyllam
544 555 577 612 ct
599 545 803 635 Charybdim
824 549 859 614 in
880 549 963 616 mari
986 547 1106 634 Siculo,
1132 548 1255 618 bellum

110 644 244 723 parant,
279 633 371 699 cuius
404 632 580 698 immensas
608 633 720 722 copias
748 654 824 700 cum
852 636 1114 722 prostravissent,
1146 635 1255 724 ipsum

109 715 435 805 comprehenderint,
469 717 642 805 capiteque
675 728 848 785 truncum·
877 720 1129 806 suspenderunt,
1160 721 1254 789 cuius

107 803 233 869 socium
265 813 298 869 et
327 799 580 868 commilitonem
614 823 688 867 cum
723 813 886 892 caperent,
920 805 976 893 qui
1007 807 1153 872 neutrius
1185 817 1255 875 erat
1288 861 1292 865 .

150 888 237 954 neris
249 899 269 970 ¹,
293 885 440 954 occidere
456 897 531 952 sunt
545 885 723 975 dedignati,
746 887 804 955 sed
818 889 966 956 vinctum
981 913 1021 957 ac
1035 889 1134 979 longa
1147 903 1254 959 custo·

108 910 162 1039 db
184 984 386 1040 maceratum
400 972 482 1039 tanti
496 971 721 1055 vendiderunt,
745 974 858 1062 quanti
872 997 934 1041 nec
950 973 1053 1042 ullum
1067 974 1254 1045 huiusmodi

107 1057 260 1125 mortales
283 1059 354 1124 sani
376 1058 491 1144 capitis
513 1068 687 1125 emerent².
720 1056 791 1125 Nec
812 1058 982 1126 infirmiori
996 1062 1116 1144 animo,
1139 1061 1253 1129 eadem

107 1141 311 1210 *confirmati
343 1141 490 1225 lectione,
522 1140 611 1208 haud
640 1141 742 1208 multo
771 1156 848 1232 post
874 1145 1030 1232 magistro
1062 1145 1365 1216 natanta-sar.

108 1239 295 1311 occurrunt,
319 1250 417 1317 quem
439 1227 517 1293 dum
540 1228 575 1293 in
595 1225 707 1318 fugam
729 1239 901 1312 verterent,
925 1230 993 1296 eius
1017 1232 1128 1321 copias
1151 1224 1314 1299 omni-¹¹⁸¹·

107 1311 170 1379 bus
191 1313 297 1379 modis
319 1314 550 1380 contriverrmt

192 1398 245 1465 44.
288 1397 350 1464 Est
372 1399 404 1464 'et
430 1395 529 1479 aliud,
559 1397 647 1486 qnod
669 1419 756 1465 nunc
778 1399 1001 1487 Nicephorum
1023 1400 1181 1491 compulit
1202 1423 1254 1468 co

107 1483 180 1583 pias
201 1484 236 1547 in
257 1481 411 1570 Assyrios
433 1482 564 1548 ducere
613 1481 779 1570 Argorum
809 1485 897 1550 enim
926 1506 1057 1552 omnem
1085 1488 1254 1574 regionem

108 1579 233 1634 motans
254 1578 321 1633 tem
345 1589 393 1649 us,
417 1566 478 1633 deo
500 1565 644 1650 iubente,
667 1588 706 1633 eo
728 1590 832 1658 usque
854 1568 956 1636 fames
971 1571 1126 1655 etnim
1148 1582 1186 1638 nt
1199 1594 1254 1638 ne-

108 1673 173 1740 que
194 1653 293 1718 tritici
314 1590 379 1719 duo
395 1652 572 1741 Papienses
594 1652 729 1719 sextarii
742 1675 842 1720 aureo
865 1665 1103 1742 comparentur,
1125 1654 1254 1746 hocque

107 1737 166 1805 nbi
187 1737 319 1805 ubertas
365 1739 436 1803 uasi
458 1747 584 1824 regnat
628 1736 724 1803 Hanc
744 1749 881 1826 pestem,
908 1740 1055 1806 muribus
1078 1762 1139 1808 coo
1164 1764 1255 1808 eran·

107 1820 206 1906 tibus,
236 1824 282 1889 ita
309 1822 340 1889 d·
374 1824 472 1906 tavit,
503 1832 540 1887 ut
565 1823 735 1889 messionis
764 1833 912 1912 tempore
942 1825 1100 1914 quicquid
1129 1848 1152 1891 u
1176 1827 1189 1892 i
1212 1849 1254 1894 ue

107 1920 267 1976 terrarum
297 1929 444 1974 annonae
476 1915 561 1990 crat,
594 1906 728 1974 minimo
759 1906 835 1974 dato
859 1910 978 2010 pretio,
981 1851 1255 2062 1‘possessoribus

108 1991 314 2076 eiulantibus,
349 1993 566 2080 congregarit
618 1991 716 2075 Quod
749 2014 825 2059 cum
857 2005 951 2061 iuxta
1019 1997 1255 2084 esopotamiam
1379 2013 1383 2019 “

107 2077 238 2162 faceret,
259 2077 317 2144 nbi
336 2077 469 2227 Ἥκω
491 2077 588 2177 copia
608 2076 758 2144 muribus
782 2077 972 2146 absentibus
1000 2091 1157 2164 creverat,
1184 2105 1255 2150 are·
1399 2107 1404 2116 ·

108 2184 170 2228 nae
206 2165 306 2228 maris
346 2185 380 2228 m
416 2160 548 2229 titudim
585 2182 734 2228 annonae
769 2161 1012 2231 multitudinem
1048 2187 1129 2234 coae
1153 2168 1254 2235 uavit.

108 2248 216 2348 Igitur
237 2269 312 2314 cum
332 2246 391 2313 vili
411 2246 474 2313 hoc
496 2247 691 2313 commercio
718 2249 856 2335 turpiter
883 2248 986 2317 fames
1008 2250 1124 2318 ubiubi
1167 2261 1264 2320 esae‘

108 2342 201 2417 vmet,
224 2333 390 2421 octoginta
409 2330 500 2397 milia
513 2330 709 2415 mortalium,
732 2332 868 2400 obtentu
882 2332 1025 2416 militiae,
1048 2356 1160 2402 secum
1178 2358 1254 2404 con·

109 2419 274 2506 gregavit3
299 2415 499 2570 ‹Lmbusper
526 2418 718 2483 continuum
747 2438 903 2502 mensem,
932 2418 1022 2508 quod
1044 2442 1109 2488 uno
1131 2431 1256 2489 emerat

108 2525 219 2585 aureo,
241 2503 307 2569 duo
329 2523 369 2568 us
391 2500 549 2569 vendidit.
585 2501 659 2568 Hae
673 2512 758 2587 sunt,
781 2500 912 2570 domine
934 2504 990 2588 mi,
1012 2526 1076 2588 res,
1098 2527 1183 2594 quae
1197 2505 1255 2574 Ni·

110 2585 289 2676 cephorum
312 2588 424 2676 copias
446 2587 482 2652 in
495 2587 651 2675 Assyrios
672 2608 761 2653 nunc
783 2587 902 2654 ducere
918 2588 1155 2679 compulerunt.
1187 2590 1255 2660 Sed

109 2671 233 2763 quales,
257 2693 388 2762 quaeso,
411 2671 548 2760 copias?
575 2693 663 2756 vere,
684 2673 829 2760 inquam,
852 2694 917 2739 non
938 2671 1095 2758 homines,
1119 2674 1177 2742 sed
1197 2675 1254 2743 ho·

109 2758 251 2826 minibus
279 2757 416 2841 similes3
465 2757 561 2824 uibus
591 2756 704 2858 lingua
728 2769 856 2824 tantum
883 2780 1016 2846 procax,
1046 2758 1104 2827 sed
1126 2760 1256 2850 ‘frigida

108 2843 195 2911 bello
217 2843 360 2910 dextera’
372 2854 395 2907 ⁴.
439 2779 515 2908 llon
543 2842 674 2930 inspicrt
695 2842 729 2906 iu
750 2839 800 2908 his
822 2841 903 2908 Nice
926 2842 1024 2910 horus
1075 2843 1254 2932 nahtatem,

109 2927 167 2995 sed
190 2926 293 2994 solam
339 2928 544 3011 uastitatem
568 2927 778 3017 quodquam
825 2865 1050 2994 ericdlosum'
1078 2931 1085 2947 ‘
1110 2931 1161 3014 sit,
1183 2943 1255 2999 tum

111 3036 184 3080 sero
206 3014 338 3103 poenite
361 3014 386 3078 it
407 3034 493 3096 eum,
522 3034 597 3078 cum
620 3009 767 3079 imbelles
788 2949 930 3100 plurimi,
957 3013 1172 3081 multitudine·
1187 3017 1256 3082 ani-

110 3099 200 3182 mati,
222 3120 242 3164 a
263 3098 382 3164 nostris
403 3098 575 3186 perpaucis
597 3095 683 3166 bella
705 3096 902 3180 scientibus,
931 3098 1032 3166 immo
1062 3100 1256 3186 sitientibus,

111 3192 328 3251 conterenun.

166 3267 168 3269 ’
196 3269 250 3335 45.
295 3267 381 3336 Cum
403 3265 595 3334 obsideretis
616 3265 750 3350 Bareas,
779 3268 917 3334 trecenti
938 3269 1165 3336 tantummodo
1188 3268 1257 3338 Un-

110 3354 183 3441 gari
209 3355 305 3419 iuxta
331 3350 596 3418 Thessalonicam
626 3352 821 3440 quingentos
851 3350 975 3418 Grecos
1003 3353 1258 3442 comprehende·

109 3449 188 3505 runt
211 3447 244 3505 et
273 3440 308 3503 in
329 3437 510 3526 Ungariam
542 3434 716 3503 duxerunt
768 3436 863 3520 Quae
893 3459 962 3520 res,
996 3440 1074 3527 qnia
1101 3460 1258 3528 prospere

113 3603 138 3658 s)
148 3604 174 3657 s.
189 3606 323 3670 maestum
339 3601 409 3644 MR.

115 3736 145 3806 1)
155 3740 173 3792 i.
187 3754 212 3791 e.
226 3735 376 3790 eunuchus.
394 3735 460 3787 Fuit
471 3735 495 3788 is
508 3734 621 3787 Nicone
636 3733 776 3787 eunuchus
789 3731 839 3787 τοῦ
853 3729 953 3788 στόλου
966 3727 1154 3806 ὃρονηάριος.
1176 3731 1257 3790 CAN.
1352 3792 1354 3796 ,

115 3813 146 3881 2)
167 3812 210 3865 Gt.
231 3811 265 3864 dc
285 3810 340 3862 bec
360 3808 528 3862 Graecorum
548 3806 628 3861 clade
641 3808 744 3861 Leonis
757 3808 838 3861 Diae.
852 3808 956 3882 Histor.
971 3807 1091 3862 ruet.
1113 3806 1216 3872 S,Vc.
1233 3809 1258 3874 1,
1287 3827 1294 3833 ·
1350 3808 1352 3813 '
1400 3826 1404 3831 ’

114 3887 234 3941 Cedrcni
252 3884 398 3938 Historias.
417 3883 454 3948 11,
474 3882 540 3934 888.
560 3881 624 3948 880,
643 3882 738 3951 Lupus
756 3879 942 3951 Protcspst'cr.
962 3882 1026 3947 888,
1046 3883 1112 3936 vics
1131 3882 1159 3936 S.
1174 3882 1258 3936 Nice·

113 3961 193 4030 pbori
213 3960 283 4028 (Leo
304 3958 422 4011 Diacou
449 3955 493 4009 sd.
519 3956 595 4009 Hace
614 3973 642 4025 p.
661 3954 740 4024 tta).
816 3953 846 4024 8)
868 3956 910 4010 Oi.
931 3955 966 4009 de
992 3956 1044 4009 bec
1063 3956 1136 4008 teme
1155 3954 1258 4010 Leonis

114 4036 196 4087 Disc.
209 4034 282 4087 Hist.
295 4033 336 4085 Vl
351 4048 374 4084 c.
389 4031 415 4095 8,
437 4029 556 4083 Cedreui
574 4028 720 4084 Historias.
734 4029 773 4095 11,
786 4029 851 4094 878,
866 4031 968 4098 Georg.
982 4029 1137 4084 Hamsrtol.
1150 4048 1178 4101 p.
1192 4029 1258 4096 888,

115 4110 151 4162 de
171 4108 319 4176 Nicephori
343 4107 460 4158 avaritia
484 4104 585 4158 Leonis
609 4104 684 4157 Rist.
705 4103 744 4157 tv
770 4119 794 4156 c.
816 4104 832 4155 8
859 4104 979 4158 Cedreni
998 4105 1103 4157 Hister.
1122 4105 1162 4169 ΙΙ,
1185 4105 1257 4157 888ε

112 4174 193 4253 ἤυχει
221 4173 282 4245 den
311 4177 377 4250 μέγα
404 4173 590 4248 κατωρθωκὼς
616 4166 659 4232 ὃτι
684 4175 782 4248 polleo
807 4176 844 4249 τῷ
868 4177 1013 4248 νομίσματι
1040 4175 1258 4251 πιπραςκομένου

116 4249 200 4319 αὐτὸς
219 4249 271 4307 δύο
290 4251 444 4308 πωλεῖσθαι
462 4249 559 4306 τοῦτον
579 4248 716 4316 ἐπέταξεν.
792 4249 823 4320 4)
842 4252 925 4321 Ver-g.
945 4253 1015 4306 Aen.
1034 4252 1085 4318 11,
1104 4251 1169 4307 888.
