2932 4718
264 245 310 319 to.
404 243 639 298 LIUDPRANDI
658 241 924 297 ANTAPODOSIS.
961 243 1035 296 LIB.
1055 243 1110 296 111.
1150 240 1272 294 42-50.

228 437 231 442 ·
264 435 337 482 com
361 412 495 482 robare’.
554 413 654 496 Quod
692 435 753 480 rex
787 424 825 480 ut
859 411 997 496 audivit,
1038 414 1192 479 iuvenem
1230 408 1406 500 quendam,

262 499 334 567 'l'eu
359 500 367 516 ⁹
392 521 448 566 um
468 500 612 582 nomine,
638 497 745 585 elegit,
798 498 833 563 ui
861 520 936 564 cum
967 519 1007 565 eo
1034 497 1119 563 hano
1141 496 1274 564 obrem
1295 494 1408 583 singu-

97 583 366 652 renem-larem
390 606 536 674 pugnam
565 582 738 652 commisit.
823 605 881 650 eus
910 593 1028 666 autem,
1062 584 1120 684 qui
1147 582 1252 649 iustus
1279 589 1340 663 est,
1372 591 1408 648 et

162 659 199 710 ⁹¹’
216 661 388 738 ¹⁸·rectum
410 679 460 737 est
478 669 638 736 iudicium
658 668 738 752 eius,
760 668 796 733 in
808 681 883 758 'quo
897 682 965 736 non
978 678 1029 735 est
1041 668 1196 758 imquitas
1228 674 1267 733 ut
1279 663 1408 756 amphi-

263 751 339 826 bolo
365 755 374 770 ⁶
450 752 652 857 dirumperet
676 774 716 819 ac
744 753 916 821 veritatem
942 754 1070 820 cunctis
1097 715 1290 836 ostenderet,
1315 749 1406 836 fecit,

262 849 301 908 ut
348 837 488 906 oudinus
510 839 666 906 citissime
688 836 827 922 cederet,
857 849 890 906 et
910 837 992 906 Lam
1018 849 1107 909 ertus
1128 837 1302 903 victoriam
1322 833 1405 904 obti-

223 970 224 974 =
261 933 363 992 neret.
407 921 629 1006 Quamobrem
650 944 711 988 rex
731 921 766 988 H
853 944 921 990 non
941 947 974 989 m
1018 924 1148 990 ’oeriter
1167 932 1219 1000 est
1239 919 1406 988 confusus.

263 1006 410 1077 Consilio
432 1020 542 1077 antem
563 1016 707 1096 eccepto,
729 1029 793 1075 eun
816 1029 870 1074 em
890 1008 1103 1076 Lambertum
1123 1006 1228 1098 tenuit
1249 1016 1283 1073 et
1298 1015 1408 1073 custo·

263 1093 338 1163 diae
359 1092 501 1161 tradidit.
544 1093 715 1161 'limuerat
735 1094 833 1176 enim,
862 1115 913 1175 ne,
942 1094 971 1159 si
993 1115 1028 1159 se
1050 1091 1238 1175 dimitteret,
1260 1101 1405 1178 'regnum

262 1177 310 1246 illi
338 1178 489 1246 auferret.
539 1177 614 1245 Hoc
639 1176 741 1266 igitur
768 1188 875 1266 capto,
904 1177 1029 1245 Bosoni
1056 1176 1149 1244 fratri
1176 1197 1235 1243 suo
1263 1175 1407 1242 Tusciae

258 1285 407 1331 maroam
430 1261 660 1346 contradidit13
686 1272 721 1329 et
738 1270 807 1329 non
827 1261 929 1330 multo
950 1273 1027 1352 post
1047 1258 1261 1329 Lammrtum
1282 1258 1406 1327 lumine

286 1349 414 1416 meavit.

263 1372 285 1438 p
348 1433 401 1501 48.
444 1432 507 1500 His
534 1430 737 1520 temporibus
763 1430 934 1498 Italiensee
958 1433 994 1499 in
1020 1430 1249 1521 Burgundiam
1277 1428 1320 1497 ob
1342 1429 1408 1496 Ro-

191 1515 403 1604 randulfum,
425 1526 463 1585 ut
482 1517 644 1600 adveniat,
664 1517 807 1583 mittunt.
851 1517 951 1600 Quod
980 1517 1079 1604 Hugo
1108 1538 1169 1583 rex
1195 1525 1233 1582 ut
1260 1515 1407 1603 agnovit,

264 1603 387 1670 nuntiis
408 1601 453 1669 ad
472 1601 616 1669 'eundem
636 1599 777 1685 directis,
800 1623 930 1668 omnem
957 1615 1077 1669 terram
1130 1624 1207 1667 uam
1233 1601 1269 1666 in
1298 1596 1408 1666 Gallia

265 1698 340 1755 ante
451 1688 459 1703 ⁰
491 1687 750 1775 susceptionem·
772 1687 875 1754 tenuit
896 1686 1036 1753 Rodulfo
1059 1625 1157 1769 dedlt,
1181 1697 1280 1774 utque
1301 1687 1344 1752 ab
1366 1705 1405 1752 eo

264 1773 411 1840 irmiuran
433 1795 500 1856 um,
521 1795 563 1839 ne
585 1770 759 1860 aliquando
780 1772 815 1838 in
835 1770 964 1839 Italiam
985 1773 1118 1855 veniret,
1141 1771 1300 1858 aceepit¹.
1334 1767 1406 1836 Nec

264 1859 372 1926 minus
395 1858 493 1924 etiam
514 1856 718 1940 Heinrieum,
748 1878 846 1944 quem
875 1879 975 2007 supra
1003 1857 1266 1938 memoravimus,
1291 1876 1405 1942 regem

264 1943 486 2026 fortissimum,
508 1941 618 2009 multis
640 1940 763 2008 collatis
787 1942 916 2008 muneri
939 1964 978 2007 us
1000 1943 1143 2010 amioum
1159 1939 1222 2007 sibi
1236 1939 1405 2007 effecerat·

202 2049 252 2093 esa
263 2028 359 2095 ouius
373 2050 416 2094 ex
434 2026 498 2095 hoc
519 2028 609 2115 apud
629 2026 731 2093 Italos
752 2047 872 2094 nomen
893 2028 1037 2120 maxime
1051 2038 1129 2093 tunc
1146 2023 1299 2109 clarebat,
1316 1987 1406 2126 quod

263 2112 391 2196 Dones,
412 2110 494 2178 nulli
515 2123 590 2179 onte
618 2109 792 2195 subiectos,
820 2110 907 2178 solus
934 2112 1005 2199 ipse
1032 2110 1210 2179 debellaret
1235 2132 1276 2177 ac
1304 2108 1406 2177 tnbu·

263 2198 362 2266 turios
382 2197 515 2264 iaceret.
557 2196 619 2263 Est
639 2197 727 2263 enim
747 2218 829 2296 gens
850 2196 1018 2281 indomita,
1048 2199 1108 2265 sub
1131 2196 1351 2285 septentrione
1371 2193 1407 2260 in

265 2304 387 2350 oceano
416 2281 549 2371 degens,
579 2281 673 2348 ouius
695 2282 811 2348 sevitia
830 2280 1008 2350 multarum
1029 2304 1128 2384 saepe
1149 2281 1296 2370 gentium
1313 2277 1406 2346 nobi·

125 2365 336 2434 sss-eeslitas
358 2364 453 2433 luxit.
496 2366 543 2432 Hi
555 2365 729 2456 aliquando
745 2365 904 2433 classibus
921 2391 983 2456 per
996 2366 1103 2434 Rhem
1116 2365 1260 2432 fluminis
1273 2363 1405 2431 alveum

264 2451 529 2534 conscendentes,
551 2451 637 2518 ferro
659 2463 692 2518 et
712 2451 782 2552 igni
811 2462 931 2518 cuncta
955 2454 1074 2520 misere
1102 2451 1281 2535 laniarunt3
1313 2449 1405 2538 ipsas

264 2539 399 2626 insuper
431 2534 649 2603 nobilissimae
676 2537 837 2619 civitates,
864 2536 1083 2627 Agrippinam
1113 2542 1197 2626 qua'e
1225 2557 1313 2602 nuno
1342 2533 1406 2603 Oo-

263 2620 353 2689 lonia
373 2631 518 2705 vocatur,
540 2633 638 2710 atque
660 2620 829 2688 Treverim
850 2619 948 2710 longe
971 2644 991 2688 a
1012 2622 1126 2689 Rheno
1147 2622 1298 2709 positum,
1325 2641 1406 2687 non·

264 2704 434 2795 nullasque
460 2704 541 2772 aliae
566 2707 603 2772 in
630 2729 731 2795 regno
758 2705 905 2773 Letharii
938 2705 1135 2774 debellantes
1167 2707 1203 2771 vi
1235 2714 1405 2793 ceperunt,

164 2861 173 2876 ,
265 2793 457 2879 cunctisque
471 2788 599 2874 ablatis,
617 2812 657 2857 ea
671 2811 755 2880 quee
775 2813 888 2859 seeum
907 2791 1034 2859 deferre
1055 2814 1122 2858 non
1160 2799 1296 2873 oterant,
1318 2810 1408 2856 oom-

265 2877 451 2945 bueeerunt.
469 2875 628 2943 Thermas
639 2875 846 2943 etiamGrani
856 2875 969 2966 palatii
979 2887 1112 2979 atquep
1165 2874 1406 2942 tiacombusee·

264 2971 373 3029 runt³.
416 2960 542 3027 Verum
563 2960 615 3026 his
638 2962 776 3043 omissis,
798 2961 843 3027 ad
864 2960 1018 3028 narrandi
1040 2983 1158 3028 senem
1179 2959 1363 3027 redeamus.

196 3058 253 3113 (rt.)
350 3047 403 3113 49.
446 3043 611 3113 Amaldue
633 3045 869 3133 Bagoariorum
884 3057 917 3113 et
931 3045 1188 3114 carentanorum
1210 3043 1289 3128 dux,
1312 3043 1406 3111 ouius

199 3121 253 3164 ⁹³⁶·
266 3131 414 3218 superius
448 3130 586 3197 lecimus
618 3132 825 3214 mentionem,
862 3153 936 3198 cum
968 3151 1035 3197 non
1066 3128 1203 3196 multum
1234 3129 1277 3197 ab
1310 3127 1408 3195 Italia

264 3214 296 3282 lo
344 3239 362 3283 e
395 3215 544 3296 distaret,
581 3213 724 3282 collectis
756 3217 875 3303 copiis,
912 3217 1064 3304 quatinus
1096 3214 1234 3302 Hugoni
1268 3235 1407 3316 regnum

266 3322 286 3366 a
323 3310 418 3382 erret,
447 3298 589 3368 advenit.
644 3300 711 3382 Qui
742 3299 969 3366 Tridentinam
1001 3322 1040 3366 ea
1072 3322 1116 3366 ex
1144 3309 1237 3388 parte
1265 3319 1407 3387 primam

266 3383 381 3451 Italiae
409 3405 554 3450 marcam
580 3385 809 3472 pertramiens,
837 3385 1002 3453 Veronam
1030 3406 1134 3473 usque
1184 3383 1320 3451 ervenit.
1367 3381 1408 3449 In

268 3490 334 3558 qua
355 3491 375 3534 a
395 3465 517 3533 Milone
539 3469 657 3534 comite
679 3479 777 3557 atque
799 3469 929 3536 Raterio
952 3472 1109 3559 episeopo
1130 3407 1278 3551 lidenter,
1298 3468 1408 3556 utqui

267 3576 343 3620 eum
357 3553 543 3635 invitarant,
566 3553 751 3641 suscipitur.
795 3554 892 3636 Quod
919 3578 980 3622 rex
1001 3554 1101 3643 Hugo
1128 3564 1165 3621 ut
1186 3553 1320 3636 audivit,
1344 3549 1409 3618 col-

267 3636 351 3706 lecto
374 3639 521 3704 exercitu
542 3639 573 3704 ei
596 3638 728 3705 obviam
750 3640 862 3707 tendit.

320 3780 322 3782 .
352 3723 405 3791 50.
450 3721 600 3810 Cumque
633 3722 749 3790 eodem
781 3725 991 3812 pervenisset,
1028 3734 1062 3791 et
1097 3721 1336 3804 caballicatast,
1371 3731 1409 3788 ut

266 3870 290 3922 s)
307 3872 467 3923 inreptionem
486 3873 506 3912 1.

270 3985 298 4052 1)
320 3985 362 4038 ct.
382 3986 423 4039 IV
451 4001 477 4039 e.
503 3984 546 4037 10.
592 3984 625 4036 In
650 3984 798 4053 diplomate
826 4002 851 4038 a.
875 3987 1026 4040 981XV1.
1050 3986 1114 4039 Kal.
1134 3986 1204 4039 Nos.
1234 3985 1299 4038 dato
1324 3982 1409 4051 Hugc

267 4059 365 4114 laudet
383 4061 518 4113 Bosomm
538 4066 659 4112 nostrum
680 4058 886 4113 dilectissimum
911 4062 1022 4114 fratrem
1041 4067 1069 4114 et
1093 4059 1318 4129 gloriosissimum
1338 4072 1410 4111 mer·

269 4135 394 4187 ahionem
414 4133 540 4202 (Forsch.
561 4149 609 4186 zur
628 4131 779 4187 deutschen
795 4135 895 4188 Geseb.
908 4135 943 4200 X,
963 4134 1040 4201 300).
1117 4132 1148 4201 2)
1163 4134 1243 4185 Hane
1257 4133 1410 4186 cessione·

266 4223 338 4260 anno
358 4208 413 4259 933
437 4209 561 4260 evenisse
583 4206 760 4260 crediderim.
838 4204 869 4274 ³)
896 4209 973 4273 Quae
1001 4208 1035 4260 de
1060 4208 1102 4261 his
1121 4209 1339 4261 Normsnnorum
1363 4207 1408 4258 in·

270 4282 375 4336 cendiis
403 4283 486 4335 refert
514 4280 707 4350 Liudprandus
738 4298 771 4335 ex
800 4282 939 4336 hominum
967 4285 1097 4336 memoria
1122 4283 1264 4351 excepisse
1292 4280 1410 4334 ridetur.

270 4357 299 4421 4)
318 4356 448 4426 Equitum
467 4363 578 4422 turmas,
598 4357 633 4409 ef.
654 4371 677 4407 c.
699 4357 744 4408 14.
