2932 4718
259 251 490 306 amormuni
510 252 777 308 msrooosis.
815 252 888 306 ΜΒ.
909 252 943 304 V.
982 251 1102 304 21-22.
1197 252 1249 303 111

113 419 299 509 Stephanus
321 435 353 489 et
375 420 607 489 Constantinus
636 422 724 488 lacu
745 422 976 508 congressione
1004 443 1104 509 super
1124 431 1310 508 patiemoss

112 506 251 588 irruunt,
274 529 415 595 eumque
437 507 478 575 de
498 506 619 594 palatio
635 507 764 575 civibus
778 503 1004 606 ignorantibus
1019 505 1196 593 deponunt,
1219 517 1253 573 et

110 590 154 658 ad
179 592 324 658 vicinam
353 591 503 675 insulam,
532 593 567 658 in
596 613 662 681 qua
687 590 913 679 cenobitarum
935 588 1109 658 multitudo
1138 589 1182 679 pb
1206 588 1251 657 lo-

112 675 323 764 sophabatur,
345 686 440 744 tonso
462 678 503 761 ei,
525 687 563 744 ut
583 677 684 744 moris
712 688 771 755 est,
798 676 916 764 capite,
944 674 1171 765 phylosophan
1194 698 1250 742 uni

110 762 364 830 remmittuntu
407 762 463 828 Fit
485 784 584 850 quam
605 784 685 828 niox
706 761 945 849 multirumiger
964 761 1000 826 in
1022 759 1251 829 Constantinu-

109 844 223 934 poleos
244 847 382 914 sonitui:
403 847 574 913 Romanor
589 847 730 914 eiectum
746 846 891 937 quidam,
914 844 1164 914 Constantinum
1181 847 1250 915 eius

111 943 291 1017 generum⁸
322 930 527 1000 interiectum
559 930 615 998 ulii
648 929 868 999 clamitabant.
911 930 982 999 Nec
1015 953 1116 1013 mora,
1149 932 1250 999 totius

110 1015 945 1170 sititirffluirerruiuui
969 1017 1253 1169 ustuire

112 1187 263 1254 omnibus
302 1125 521 1277 piercoriltatur.
557 1126 731 1276 ²Ciimque
772 1126 992 1287 inquisitioiiis
1089 1187 1150 1254 ’cio
1165 1112 1253 1254 tm

111 1272 240 1339 modica
260 1272 352 1340 fieret
372 1295 433 1361 pro
457 1272 680 1356 Constantino,
702 1271 894 1360 rogantibus
916 1271 1083 1362 Stephano
1113 1283 1146 1341 et
1167 1270 1253 1340 Con·

112 1359 264 1443 stantino,
287 1380 329 1425 ex
351 1380 391 1424 ea
409 1369 513 1458 parte,
560 1379 603 1422 na
616 1357 813 1425 Zucanistrii
832 1356 1023 1446 magnitudo
1038 1356 1252 1446 portenditur,

112 1441 343 1511 Constantinus
372 1465 477 1509 crines
510 1379 634 1509 sdiutus
666 1465 727 1530 per
759 1441 921 1510 cancellos
956 1455 1057 1544 caput
1089 1445 1251 1532 exposuit,

111 1551 236 1616 suaque
258 1529 440 1596 ostensione
462 1525 576 1615 populi
597 1547 677 1593 mox
698 1525 873 1594 tumultum
896 1526 1031 1610 sedavit,
1062 1548 1101 1594 ac
1123 1530 1158 1593 in
1178 1550 1252 1616 pro·

111 1611 1253 1781 titttittulistis„2⁰⁰³{tmi¹¹⁰iiti¹⁰stiiiiii

111 1783 263 1850 abdicato
284 1722 387 1870 lplitire,
408 1783 520 1865 alium,
573 1784 607 1848 ui
628 1804 694 1849 non
715 1721 810 1870 patepr
835 1793 894 1867 est,
913 1720 1094 1849 'doniinum
1117 1720 1253 1851 suitine⁴

111 1868 204 1935 mus?
219 1865 436 1968 Tolerabilius
447 1869 533 1969 enim
545 1805 778 1970 decentiusque
788 1879 969 1979 paternum,
978 1889 1081 1994 puam
1096 1879 1252 1969 exteram,

110 1951 1253 2139 &intimitatistrististristis

111 2122 301 2212 Sigeiredus
314 2124 436 2211 quippe
452 2145 636 2212 episcopus,
651 2124 737 2210 regis
748 2123 782 2190 H
828 2124 899 2189 onis
912 2123 1056 2206 nuntius,
1070 2123 1253 2278 adsumpjtis

111 2232 224 2276 secum
245 2207 368 2275 suaeli
437 2231 476 2275 ae
498 2208 684 2276 nationibus
705 2207 770 2274 Ain
815 2209 970 2292 canisii,
1001 2208 1167 2294 Romanis,
1220 2231 1253 2274 a·

109 2296 237 2376 ietanis,
259 2292 354 2360 nobis
439 2294 617 2378 interim,
639 2292 717 2359 huic
737 2293 881 2382 presidio
902 2292 983 2360 fuit’.

195 2379 247 2446 22.
280 2377 342 2444 His
364 2378 470 2463 dictis,
491 2389 691 2444 armatorum
714 2379 865 2445 manibus
893 2376 1073 2464 cubiculos,
1104 2379 1191 2447 sicut
1219 2390 1318 2449 etus.)

109 2485 171 2552 pro
190 2475 295 2564 patre,
318 2462 491 2552 complent
537 2463 664 2546 Quibus
686 2463 878 2532 Diavolinos
894 2463 1029 2565 prefuit,
1057 2466 1114 2565 qui
1134 2453 1350 2558 horumffim
1363 2516 1403 2559 ,ι

110 2571 257 2615 omnium
280 2551 427 2616 incentor
458 2557 491 2614 et
517 2557 592 2637 post
618 2546 786 2636 paululum
809 2548 955 2638 proditor
984 2549 1123 2617 extitit
1168 2548 1252 2617 Con·

111 2635 288 2701 suntinum
309 2655 453 2723 namque
473 2631 565 2700 libris
589 2633 833 2702 incumbentem
861 2634 908 2701 ita
936 2635 1104 2702 convenit:
1148 2634 1253 2717 ‘Quae

109 2720 171 2787 tibi
193 2718 400 2785 incommoda
420 2741 442 2784 a
463 2717 630 2806 Stephano
660 2731 693 2786 et
722 2717 935 2787 Constantino
960 2719 1125 2803 fratribus,
1153 2719 1253 2787 inimo

110 2805 260 2887 inimicis,
283 2807 347 2871 tuis
369 2826 427 2891 pre
451 2815 592 2887 arentur,
614 2802 728 2887 isthec,
752 2827 837 2891 quae
858 2805 893 2870 in
914 2812 946 2872 te
962 2815 1056 2872 vetus
1072 2814 1253 2894 permanet,

109 2889 222 2977 religio
245 2891 382 2977 ignorat,
428 2827 464 2957 Ei
490 2891 576 2956 enini
604 2889 782 2955 infortunia
810 2889 872 2958 tibi
903 2900 998 2990 parta
1026 2911 1065 2956 co
1113 2910 1251 2974 osceres,

112 2984 270 3063 quatenus
293 2996 406 3062 posses
434 2975 555 3058 vivere,
586 2976 756 3063 cogitares.
807 2975 930 3042 Uxoris
960 2986 1036 3042 tuae
1091 2975 1252 3062 tephanus

111 3068 144 3126 et
157 3059 389 3126 Constantinus
404 3059 519 3125 fratres
552 3076 751 3126 armatorum
765 3060 917 3128 manibus
932 3081 972 3126 co
1095 3060 1138 3127 tis
1153 3069 1252 3149 etque

111 3146 146 3211 in
168 3143 328 3211 cubiculis
349 3145 415 3209 iam
438 3109 611 3228 conclusis,
634 3156 666 3210 te
687 3166 755 3210 non
775 3158 812 3212 ut
836 3158 962 3233 patrem
1014 3144 1173 3232 epulatio
1196 3166 1252 3212 ex·

133 3227 239 3313 ellere,
261 3252 376 3296 verum
398 3229 452 3296 hic
482 3231 628 3317 cogitant
656 3229 849 3297 interficere.
901 3230 1042 3299 Occasio
1071 3241 1180 3296 autem
1202 3231 1251 3297 tui

145 3315 334 3382 cinteritus
356 3315 432 3381 erit:
470 3312 630 3381 Ceratum
658 3325 690 3381 te
718 3326 795 3402 post
822 3313 988 3381 triduum⁶
1018 3313 1251 3382 Constantinus

109 3478 133 3532 ι)
149 3490 259 3523 mmm
276 3480 296 3521 i.
359 3475 383 3530 i)
400 3480 416 3520 i.
432 3490 452 3521 s.
467 3477 625 3523 inarari..
685 3427 909 3532 armeniensi.
1014 3423 1019 3429 ³
1136 3450 1140 3465 ¹

111 3612 140 3683 1)
160 3615 191 3668 si
210 3613 331 3680 Georgio
351 3612 486 3665 monacho
505 3612 622 3681 aliisque
641 3611 711 3665 fides
730 3611 860 3666 babendo
879 3619 929 3678 est,
947 3614 1085 3668 Romanos
1104 3614 1253 3682 imperator

110 3702 127 3739 s
146 3687 287 3757 Stephano
306 3685 373 3751 lilio,
394 3688 512 3740 consciis
531 3689 615 3740 etism
628 3687 740 3755 reliquis
758 3688 968 3756 imperatoribus
979 3688 1009 3740 in
1021 3687 1124 3741 Protesi
1135 3687 1251 3742 insulsoi

109 3761 247 3830 relegatus
268 3767 323 3827 est3
344 3761 379 3814 si.
399 3761 530 3814 lobannis
550 3760 651 3815 chron.
670 3760 935 3828 Venet(SS.V11,
955 3758 1021 3829 ms
1041 3761 1105 3815 duni
1125 3761 1253 3816 suf-nu
1375 3777 1378 3782 ·

111 3842 140 3890 et
159 3836 353 3890 Oonstsntiuus
372 3835 469 3889 trabes
488 3850 567 3889 suurn
587 3841 733 3903 cognatum
751 3834 959 3889 Oomtsntiuuin
978 3835 1106 3889 occidere
1125 3835 1252 3889 moiren-

110 3915 168 3977 tur,
193 3910 402 3964 interdicentem
425 3911 548 3963 Romano
574 3916 678 3980 putrem
702 3908 837 3963 violenter
858 3909 1021 3963 monachum
1040 3909 1167 3964 effectum
1179 3915 1254 3980 aput

109 3985 214 4039 iusnlu
242 4001 314 4055 quae
339 3984 492 4038 Psonsrise
521 3989 712 4053 nuncupentur
741 3983 824 4037 exilio
854 3983 1060 4038 damnaverunt.
1155 3982 1186 4053 2)
1209 3984 1253 4039 oi.

109 4058 179 4127 Lsg.
201 4076 225 4112 c
245 4060 292 4111 46.
317 4059 363 4111 55.
438 4059 467 4122 8)
487 4057 571 4112 Felso
596 4058 649 4111 hoc
675 4073 774 4112 nomen
797 4057 844 4111 iiic
869 4059 1012 4128 irrepsisse
1038 4057 1163 4125 ridetur,
1190 4074 1252 4112 cuin
1275 4079 1277 4085 ·

109 4131 239 4199 Michael,
258 4149 339 4203 quein
356 4132 534 4186 Diabolinum
546 4138 656 4198 vocant,
669 4147 740 4186 auno
754 4131 862 4186 demum
877 4132 931 4186 947
952 4133 1167 4187 coniurationem
1187 4148 1252 4186 oon·

108 4212 152 4261 trs
171 4207 379 4261 Constantinum
398 4208 501 4262 iactam
522 4206 664 4260 detexerit.
697 4207 834 4261 Iohannes
855 4208 990 4262 discours
1004 4207 1126 4262 Venetos
1140 4205 1251 4262 Gallum

107 4282 261 4336 eunuchum
281 4281 392 4336 eusdem
412 4288 505 4352 partes
524 4282 614 4350 egisse
633 4286 734 4335 narrat.
1105 4320 1108 4331 .
