2932 4718
214 242 217 246 ’
244 240 475 296 LIUDPRANDI
494 237 760 295 mammete.
798 237 871 291 Lus.
891 237 939 290 1v.
978 237 1099 290 at-ta.
1212 237 1247 290 al

109 413 217 500 Moysi
254 413 340 478 servi
377 411 430 478 dei
467 409 640 491 devicerat,
683 408 831 508 protinus
868 406 909 475 de
946 431 1032 496 equo
1069 406 1311 491 descenditur·

109 520 245 649 {luesque
268 519 355 649 supp)
366 498 455 648 ompi
475 493 603 646 populot
620 492 778 646 lpplrrpqas
792 492 931 647 fundpnqp
950 504 1028 645 pute
1045 484 1412 646 Effirqp‘epqsfflfflffl·

141 603 393 649 avosmamus
440 603 589 649 ommse
676 603 698 644 v
733 601 796 645 ons
822 601 866 646 no
968 601 1026 645 esu
1131 602 1146 645 s
1236 618 1249 631 ·

110 668 195 735 fixos
223 689 368 769 suaeque
396 667 528 770 lapqeae
558 665 716 755 inpositos
741 666 777 729 in
806 665 983 766 orationem
1012 663 1117 766 (ledit3
1148 685 1249 765 quan·

109 762 488 920 maliolis
520 748 1086 925 {Siufflautialffllssuiiffnil
1108 749 1309 925 lttltM
1323 769 1345 823 ⁶’
1363 770 1398 816 ¹*

112 935 235 1008 orante,
269 945 344 990 cum
367 945 410 990 ex
432 925 499 991 suis
521 921 629 989 nullus
652 921 871 1006 occumberet,
899 920 1010 989 hostes
1039 933 1116 988 sunt
1138 944 1250 988 omnes

112 1009 147 1075 in
161 1009 274 1098 fugam
290 1011 453 1093 conversi3
474 1006 687 1097 nonnullique
702 1028 825 1091 eorum,
848 1027 908 1072 our
921 1005 1080 1095 firgerent,
1098 1008 1250 1095 poenitus

110 1095 313 1184 ignorabant,
336 1096 491 1184 quoniam
514 1092 647 1184 quidem
692 1115 727 1159 re
749 1093 914 1181 paucitate
943 1113 1014 1159 sese
1042 1092 1250 1193 insequentes

111 1180 221 1255 hostes
242 1180 354 1249 videre
376 1203 441 1247 non
462 1191 621 1268 poterant
667 1116 760 1247 besis
773 1179 875 1266 igitur
896 1176 1054 1267 plurimis,
1076 1176 1251 1245 Heinrious

112 1265 322 1334 vehementer
343 1266 378 1332 in
399 1264 533 1333 brachio
555 1278 605 1332 est
625 1285 825 1364 percussusq
842 1276 874 1330 et
900 1285 1101 1364 quamquam
1130 1261 1250 1364 loricae

112 1350 250 1440 triplicis
264 1350 420 1418 fortitudo
434 1351 477 1418 ad
491 1372 624 1418 carnem
639 1372 744 1436 usque
758 1371 843 1416 ensis
858 1370 963 1415 acrem
977 1370 1044 1415 non
1057 1349 1251 1433 admitteret,

139 1436 259 1503 ondere
287 1448 397 1504 tamen
425 1436 645 1525 percussionis
672 1432 811 1501 acerbae
831 1432 1003 1500 brachium
1031 1445 1082 1501 est
1105 1433 1188 1501 adeo
1217 1435 1252 1500 in

113 1460 250 1590 livorem
282 1543 484 1603 conversum,
517 1533 555 1588 ut
585 1518 683 1586 nullis
714 1519 915 1586 medicorum
947 1520 1035 1585 curis
1062 1521 1108 1585 ita
1129 1518 1252 1621 mefleri

113 1617 525 1781 pmmffipqp.
545 1628 647 1758 nili?
667 1602 826 1756 blut
843 1613 1253 1791 tutantem

114 1789 191 1844 sunt
211 1776 397 1845 bomineml
420 1779 562 1844 exivisse
570 1789 591 1843 ¹.
646 1774 713 1843 Sed
735 1776 813 1864 quia
838 1773 971 1843 lanceae
996 1797 1099 1863 rpsms
1122 1785 1252 1842 sanctae

114 1864 306 1930 memoriam
328 1861 476 1946 fecimus,
508 1863 571 1947 bio,
604 1860 744 1950 qualiter
769 1860 812 1927 ad
841 1883 917 1928 eum
942 1861 1137 1949 pervenerit
1170 1862 1253 1928 inse·

115 1971 236 2016 ramus.

202 2051 254 2118 25.
298 2050 570 2138 Burgundionum
600 2073 661 2118 rex
681 2048 851 2132 Rodulfuu‚
881 2051 938 2139 qui
966 2047 1128 2116 nonnullis
1157 2050 1320 2118 anniam)

114 2135 236 2203 Italicis
264 2137 450 2288 imperavit,
482 2134 630 2205 lanceam
658 2135 748 2203 illam
776 2156 798 2200 a
827 2134 967 2203 Samson
994 2135 1131 2202 comite·
1165 2135 1251 2203 dono

55 2272 56 2275 ,
114 2223 252 2311 aceepit.
333 2231 382 2287 rat
411 2221 499 2288 enim
528 2234 647 2309 exepta
682 2232 883 2289 caeterarum
911 2220 1023 2309 specie
1055 2219 1252 2306 lancearum,

115 2328 203 2381 novo
226 2306 370 2397 quodam
391 2305 488 2373 modo
510 2329 660 2395 novaque
677 2304 864 2374 elaborata⁰
1023 2303 1147 2372 babens
1161 2307 1254 2376 iuxta

103 2391 265 2468 ,lumbum
296 2392 440 2459 medium
469 2393 643 2481 utrobique
675 2392 842 2459 fenesnas.
921 2412 959 2458 ec
988 2411 1048 2479 pro
1081 2390 1254 2480 pollicibus

116 2475 308 2566 perpulcrae
340 2477 425 2544 duae
450 2479 538 2544 acies
565 2499 669 2565 usqne
696 2476 739 2543 ad
761 2475 924 2544 declivum
950 2476 1094 2543 medium
1111 2475 1255 2546 lanceae

116 2561 346 2631 extenduntur.
396 2560 494 2628 Hanc
522 2564 624 2651 igitur
651 2560 857 2630 Constantini
882 2561 1006 2650 Magni,
1036 2573 1167 2630 sanctae
1196 2561 1255 2628 filii

115 2646 272 2733 Helenae,
294 2646 446 2715 vivificae
468 2651 576 2715 crucis
602 2648 803 2732 inventricis,
831 2646 933 2714 fiisse
958 2645 1142 2731 adfirmant,
1171 2670 1255 2737 quae

117 2732 226 2800 media
246 2736 282 2800 in
303 2735 407 2822 spina,
432 2755 531 2822 quam
551 2733 699 2800 lumbum
721 2734 870 2822 superius
886 2733 1062 2814 nominavi,
1085 2755 1129 2800 ex
1143 2731 1254 2817 clavis,

117 2820 267 2970 litim
282 2816 914 2972 ttbttttlmttttttptt
928 2817 1256 2972 liiffilffisffl'll

117 2953 246 3056 timens,
266 2929 432 3078 totiusque
464 2988 524 3056 reli
549 2990 632 3056 ‘onis
662 2917 946 3073 amotoqmludito
978 2952 1156 3056 llodulfum
1187 3000 1255 3055 tam

117 3074 333 3143 inestimabile
348 3073 471 3142 donum
481 3075 529 3150 ‚ba
553 3098 607 3143 ere
623 3073 771 3158 caeleste„
787 3075 909 3140 nuntiis
924 3073 1056 3141 dbectis
1071 3075 1254 3163 temptavit,

117 3158 1255 3334 bttttuttfflltittlblutttt‘ttttttbffltttff

116 3329 285 3420 phumqne
315 3341 509 3419 perpetuum
537 3353 722 3421 preparare.
766 3328 865 3415 Quod
896 3352 973 3397 cum
1005 3352 1065 3398 rex
1096 3328 1255 3398 Rodulfirs

116 3416 223 3484 moffis
259 3414 411 3502 omuibus
447 3439 483 3484 se
514 3438 695 3506 numquam
726 3414 789 3482 hoc
824 3426 976 3484 acturum
1007 3413 1160 3499 ediceret,
1194 3437 1256 3483 rex

116 3500 304 3586 Heinricus,
334 3501 411 3590 quia
437 3500 563 3570 mollire
591 3501 678 3569 huuc
706 3501 897 3569 muneribus
925 3522 992 3568 non
1012 3502 1131 3589 potuit,
1156 3502 1255 3568 minis

116 3597 237 3655 terrere
258 3608 457 3675 magnopere
478 3586 614 3654 curavit
658 3585 766 3656 Omne
788 3587 912 3677 quippe
932 3608 1072 3675 regnum
1090 3587 1161 3655 eiua
1174 3585 1256 3654 cede
1348 3633 1351 3639 ν

116 3684 215 3761 atque
235 3671 394 3741 incendiis
416 3694 451 3739 ss
473 3671 749 3763 depopulaturum
774 3695 846 3742 esse
889 3672 1025 3740 remisit
1069 3670 1157 3755 Quia
1176 3693 1255 3740 uero

117 3757 205 3847 quod
236 3757 410 3846 petebatur
440 3780 560 3825 mimus
592 3769 669 3843 erat,
703 3779 769 3848 quo
873 3757 997 3826 estibus
1033 3766 1140 3825 terrea
1174 3756 1254 3825 deus
1379 3827 1380 3831 ,

116 3845 331 3911 coniunxerat
338 3845 363 3928 d,
392 3842 623 3952 lapis‘scilioet
642 3841 807 3931 augularis
837 3842 961 3941 taciem
981 3853 1120 3932 utraque
1141 3864 1254 3927 unum,

83 4007 140 4081 ⁸e)
156 4010 190 4052 tte
204 4021 247 4052 aar
261 4011 310 4053 ntrt
323 4021 390 4053 eroso
406 4012 428 4053 1.
480 4009 506 4064 b)
523 4010 602 4053 boante
617 4011 639 4053 1.
691 4007 714 4062 o)
730 4009 853 4052 eleborata
869 4010 891 4054 1.
947 4006 971 4062 d)
988 3967 1187 4053 semanimem
1203 4012 1224 4056 t.

118 4140 147 4210 1)
165 4144 199 4197 A.
219 4145 280 4206 955,
294 4145 338 4198 die
360 4145 385 4197 1.
404 4143 473 4199 Nor.
557 4141 588 4212 2)
608 4143 651 4197 Oi.
670 4158 752 4212 supra
771 4141 818 4196 m
838 4159 863 4198 o.
883 4144 934 4210 413
963 4145 1063 4210 weita,
1082 4144 1256 4200 Jebrbilober

115 4224 195 4271 anter
213 4219 345 4273 Heinrich
364 4220 387 4273 1.
409 4237 436 4290 p.
456 4219 501 4275 69.
