2932 4718
223 245 260 298 86
372 241 606 296 LIUDPRANDI
625 240 892 296 ANTAPODOSIS.
928 239 1003 294 1213.
1022 241 1061 294 ΙΙ.
1100 240 1221 295 20-22.

161 442 213 487 ers.
222 415 318 503 proin
338 435 456 503 pacem
477 433 535 478 vos
559 411 831 499 concordiamque
852 409 979 501 sectori,
1008 410 1107 477 etiam
1135 420 1233 501 atque
1263 411 1363 478 etiam

221 520 313 651 ἔῃ
331 497 411 673 pMe
432 497 596 564 hominem
619 506 768 580 exeunte,
797 493 886 561 nulla
913 516 972 562 vos
1000 495 1161 584 regnandi
1189 494 1363 585 cupiditas,

355 581 518 652 residendi
539 579 674 648 ambitio
696 579 885 649 inflammet.
919 579 1121 666 Heinricum,
1145 581 1315 650 Saxonum
1330 594 1363 651 et

221 669 457 756 Torringiorum
472 667 590 734 ducem
603 665 902 755 prudentissimum,
924 688 959 734 re
983 688 1036 734 em
1050 665 1169 756 eligite,
1192 667 1362 735 dominum

110 816 111 819 ,
212 755 417 822 constituite.
460 751 494 820 Is
515 753 603 819 enim
624 761 673 820 est
694 762 727 819 et
747 752 884 819 scientia
904 774 947 841 po
971 774 1038 836 ens,
1061 763 1094 820 et
1114 753 1219 820 iustae
1240 753 1362 822 severi·

220 842 297 907 tatis
319 860 454 906 censure
475 835 686 904 habundans’.
718 837 781 904 His
798 837 844 905 ita
858 835 1190 927 prolatiapropriam
1205 859 1361 911 coronam

220 947 288 993 non
308 946 398 1009 auro,
421 945 486 1011 quo
507 945 613 1012 poene
628 923 865 1010 cuiuscumque
883 921 1005 989 ordinis
1019 923 1206 1011 principes⁸
1226 922 1360 1012 pollent,
1453 995 1456 1000 ,

61 1038 65 1045 ·
117 1076 124 1088 ,
219 1032 336 1080 verum
361 1011 499 1098 gemmis
524 1007 782 1097 preciosissimis,
808 1028 873 1073 non
903 1005 1009 1074 solum
1038 1009 1074 1072 in
1096 1030 1173 1074 uam
1200 1018 1358 1095 ornatam,

221 1096 280 1164 sed
301 1103 479 1184 gravatam,
501 1104 664 1181 sceptrum
686 1093 794 1176 etiam,
825 1101 985 1180 curitaque
1013 1115 1050 1158 re
1107 1094 1116 1109 ‘
1159 1093 1359 1178 indumenta,

220 1183 256 1248 in
276 1180 421 1248 medium
441 1180 552 1246 venire
571 1178 728 1266 precepit,
749 1200 789 1245 ac
810 1188 907 1266 prout
927 1175 1030 1244 valuit
1050 1116 1239 1264 luinsmodi
1259 1179 1361 1248 verba

222 1265 350 1334 effudit:
373 1263 546 1332 ‘Heredem
567 1263 743 1352 regiaeque
764 1262 931 1351 dignitatis
952 1263 1112 1330 vicarium
1126 1261 1290 1352 regalibus
1306 1263 1358 1331 his

222 1350 417 1417 ornamentis
432 1347 624 1416 Heinrieum
646 1349 821 1433 constituo,
844 1349 899 1414 cui
912 1359 950 1415 ut
964 1347 1153 1434 oboediatis,
1171 1372 1237 1417 non
1252 1346 1358 1416 solum

222 1434 366 1520 consulo,
388 1434 447 1501 red
467 1436 588 1518 exoro’,
631 1434 740 1517 Quam
759 1433 936 1501 iussionem
956 1433 1115 1519 interitus,
1136 1444 1170 1502 et
1190 1435 1360 1502 interitum

221 1543 301 1589 mox
341 1528 390 1588 est
431 1518 636 1587 oboedientia
677 1528 860 1608 prosecuto.
916 1518 994 1608 Ipso
1036 1541 1179 1609 namque
1219 1531 1358 1588 mortem

200 1607 373 1688 obeunte,
401 1607 570 1671 memorati
619 1604 760 1692 rincipes
786 1626 941 1671 coronam
963 1614 1145 1694 cunctaque
1166 1604 1290 1694 regalia
1310 1607 1360 1672 in·

222 1690 378 1758 dumento
405 1690 562 1757 Heinrico
591 1627 666 1755 duci
694 1687 912 1774 contulersmt3
946 1699 1044 1777 atque
1071 1702 1108 1757 ut
1136 1713 1197 1757 rex
1226 1689 1358 1758 Ohuon·

221 1777 319 1843 radus
341 1775 478 1859 dixerat,
501 1782 618 1840 cuncta
637 1797 697 1862 per
726 1773 872 1841 ordinem
902 1785 1103 1842 enarrarunt.
1154 1776 1220 1858 Qui
1247 1777 1358 1864 regiae

221 1861 390 1949 dignitatis
412 1859 540 1926 culmen
562 1870 594 1926 et
614 1861 705 1948 prins
726 1859 891 1927 humiliter
911 1858 1095 1944 declinavit,
1117 1881 1156 1926 ac
1169 1858 1267 1948 paulo
1283 1871 1359 1950 post

220 1969 287 2013 non
319 1942 489 2013 ambitiose
523 1945 676 2032 suscepit
719 1943 843 2012 Verum
874 1945 938 2010 nisi
970 1943 1101 2032 ‘pallida
1134 1967 1238 2029 mors,
1295 1968 1358 2013 uae

155 2051 181 2061 ··
221 2053 404 2184 pauperum
433 2030 584 2097 tabernas
616 2052 796 2130 regumque
829 2042 934 2097 turres
961 2052 1071 2120 ,aequo
1100 2029 1211 2120 pulsat
1232 1968 1356 2120 polee,

252 2113 456 2182 huonradum
486 2137 597 2203 regem
625 2127 692 2181 tam
724 2116 877 2183 artissime
910 2126 1047 2202 raperet,
1079 2117 1108 2181 is
1134 2127 1229 2200 esset,
1263 2118 1358 2183 cuius

162 2265 169 2274 .
221 2222 341 2268 nomen
363 2198 472 2267 multis
494 2199 609 2265 mundi
629 2199 815 2268 nationibus
837 2201 882 2266 im
907 2211 1042 2267 eraret¹.
1151 2259 1154 2263 ,

253 2297 258 2302 ’
308 2287 361 2352 21.
392 2285 466 2352 Hoc
488 2285 605 2352 eodem
625 2295 691 2351 tem
716 2305 771 2351 cre
792 2223 956 2352 Arnaldus
987 2308 1061 2351 cum
1090 2307 1194 2353 uxore
1221 2297 1254 2354 et
1282 2285 1357 2353 filiis

222 2371 393 2460 Hungaria
414 2370 564 2453 rediens„
580 2307 757 2437 honoridce
778 2391 799 2434 a
819 2370 989 2459 Bagoariis
1011 2392 1032 2435 a
1069 2394 1110 2438 ue
1132 2371 1174 2439 ab
1197 2369 1357 2438 orientali·

222 2455 285 2523 bus
325 2456 502 2544 suscipitur
539 2454 706 2521 Francus
757 2453 872 2545 Neque
906 2457 993 2522 enim
1027 2479 1063 2521 so
1076 2479 1132 2522 um
1169 2457 1358 2546 suscipitur,

223 2540 282 2608 sed
303 2552 341 2609 ut
361 2563 422 2607 rex
443 2540 509 2623 fiat,
531 2539 574 2607 ab
595 2541 635 2606 iis
656 2538 864 2607 vehementer
888 2539 1043 2607 hortatur.
1087 2541 1161 2608 Rex
1181 2540 1358 2608 Heinricus

224 2648 300 2693 cum
322 2626 545 2714 obtemperare
567 2627 633 2691 suis
661 2647 772 2692 omnes
799 2625 1017 2710 iussionibus,
1036 2623 1218 2693 Arnaldum
1239 2626 1358 2693 solum-

224 2711 321 2778 modo
343 2712 491 2778 resistere
513 2721 669 2794 cerneret,
720 2709 862 2777 ervalidc
888 2709 1021 2778 collecto
1048 2713 1204 2797 exercitu,
1232 2712 1358 2799 Bagoa-

163 2798 307 2866 sn.riam
328 2795 441 2864 tendit.
485 2795 583 2879 Quod
604 2733 769 2862 Amsldm
790 2807 827 2862 ut
847 2795 981 2880 audivit,
1005 2796 1074 2863 eius
1096 2818 1164 2863 non
1177 2818 1293 2886 passus
1308 2806 1358 2865 est

223 2883 258 2946 in
286 2881 449 2969 Bagcaria
481 2879 651 2970 prestolari
684 2881 874 2966 adventum3
906 2904 1023 2947 verum
1053 2880 1208 2966 collectis,
1238 2882 1357 2972 quibus

223 2965 335 3050 valuit,
366 2988 405 3033 co
430 2967 480 3050 iis,
508 2965 586 3032 huic
602 2992 604 2996 ’
618 2965 771 3032 obviaml'
804 2976 989 3055 properat⁴.
1041 2965 1186 3055 Ouperat
1214 2989 1292 3034 sane
1326 2977 1358 3034 et

223 3054 236 3118 i
258 3075 293 3118 se
314 3073 376 3118 rex
420 3052 476 3117 eri.
520 3050 670 3140 Cumque
692 3052 727 3116 in
748 3074 786 3117 eo
809 3063 903 3131 esset,
933 3060 970 3118 ut
990 3049 1112 3119 bellum
1133 3054 1255 3154 pariter
1274 3052 1357 3121 inire

247 3135 390 3219 aberent,
411 3138 497 3202 sicut
517 3137 569 3201 vir
589 3138 718 3224 sapiens
741 3147 777 3202 et
794 3135 847 3204 dei
867 3139 985 3203 timens
1004 3159 1064 3203 rex
1079 3136 1254 3204 Hermicus
1269 3138 1357 3225 cogi·

223 3233 296 3289 tans
318 3245 361 3288 ex
382 3233 519 3311 utraque
540 3233 633 3310 parte
647 3221 903 3310 inrecuperabile
916 3244 1012 3309 posse
1027 3223 1182 3289 damnum
1196 3222 1355 3307 accidere,

223 3306 398 3390 Amaldo⁰,
440 3307 592 3394 quatinus
625 3329 700 3373 cum
739 3307 807 3373 sole
846 3305 932 3373 solus
972 3306 1138 3396 loquatur,
1177 3307 1356 3375 denuntiat

223 3393 346 3459 Putans
367 3392 467 3480 igitur
486 3389 659 3477 Arnaldus,
692 3415 757 3481 quo
780 3391 936 3481 singulari
963 3415 998 3459 se
1027 3394 1148 3460 acciret
1168 3393 1354 3477 certamine,

222 3477 266 3543 ad
288 3475 474 3544 condictum
494 3475 602 3543 locum
624 3477 710 3543 solus
732 3477 813 3544 hora
833 3487 954 3544 statuta
973 3479 1132 3565 pervenit

308 3563 361 3629 22.
395 3561 501 3644 Quem
523 3561 586 3628 sibi
609 3561 738 3629 obviam
765 3573 994 3651 properantem
1020 3586 1080 3630 rex
1102 3562 1277 3630 Heinricus
1299 3562 1355 3630 tali

223 3659 273 3714 est
294 3669 442 3714 sermone
463 3647 654 3736 adgressus:

223 3877 246 3927 a)
264 3878 378 3929 principis
396 3879 416 3918 1.
477 3877 501 3928 b)
519 3879 597 3919 culam
614 3880 634 3919 l.
695 3877 716 3929 c)
734 3879 871 3921 arnaldaldo
889 3881 908 3921 1.

226 4057 255 4125 t)
274 4057 371 4110 Horat.
392 4057 443 4111 Od.
463 4059 486 4123 1,
505 4059 531 4122 4,
553 4059 597 4112 1³.
682 4057 712 4127 2)
733 4058 776 4111 cf.
796 4075 868 4128 quas
893 4074 975 4127 snpra
995 4058 1022 4128 (Ι
1042 4075 1066 4110 c.
1086 4055 1134 4124 44)
1156 4057 1189 4110 de
1210 4057 1356 4113 Lamberto

224 4137 319 4185 auctor
337 4137 429 4186 noster
448 4132 588 4187 diiudicat.
646 4131 676 4201 3)
696 4135 775 4186 Haec
795 4134 831 4186 ad
850 4148 969 4186 marcam
979 4133 1156 4186 Bohemicam
1175 4139 1250 4187 nans
1263 4133 1356 4187 Danu·

223 4206 298 4259 bium
317 4208 396 4260 sitam
415 4207 529 4261 fortasse
548 4208 690 4261 referenda
710 4215 780 4262 sunt.
837 4207 867 4274 4)
881 4207 923 4261 ct
945 4207 979 4260 de
999 4208 1051 4260 hae
1071 4206 1246 4276 expeditione
1260 4208 1343 4263 Widu

224 4279 299 4332 kind.
318 4281 372 4334 Res
390 4287 461 4349 gest.
481 4283 608 4336 Saxoni
628 4299 652 4338 e.
674 4283 718 4337 tt.
1187 4324 1189 4329 ι
