2932 4718
390 265 624 320 LIUDPRANDI
642 265 814 319 LEGATIO.
855 265 973 318 63-66.
1201 267 1255 319 166

114 435 241 503 Felices
264 458 332 520 eos,
355 436 383 501 si
397 457 464 523 pau
488 445 622 501 ertatem
638 433 760 501 Christi
775 435 856 503 haec
870 437 1060 519 imitaretur,
1075 450 1254 525 pauperes¹
1267 459 1319 502 sss.

114 521 311 588 iudicarem!
348 521 444 587 Facit
464 457 527 587 loc
549 542 646 608 asper
666 532 842 586 nummus²
866 533 898 588 et
919 523 991 587 auri
1014 543 1107 588 sacra
1121 520 1255 589 fames‘.

115 606 240 674 Verum
261 617 377 694 parcat
397 605 460 672 illis
482 606 581 673 deus!
618 605 693 671 Hoc
714 627 753 671 eo
774 604 846 672 illos
867 618 947 694 puto
962 608 1077 690 facere,
1100 609 1254 695 quoniam

117 713 229 759 eorum
251 690 407 758 ecclesiae
430 704 505 758 sunt
533 690 751 758 ribuariam.
794 689 1006 758 Leucatensis
1032 692 1111 758 mihi
1137 694 1255 761 iuravit

115 779 299 865 episcopus,
322 780 496 865 quotannis
525 775 697 843 ecclesiam
724 797 818 841 suam
846 775 965 845 debere
986 778 1169 866 Nicephoro
1199 801 1253 844 au·

114 884 186 928 reos
210 871 339 928 centum
368 861 561 951 persolvere,
590 861 740 928 similiter
767 873 799 928 et
827 875 972 930 caeteras
998 863 1075 964 plus
1104 865 1254 930 minusve

114 947 295 1014 secundum
316 948 403 1014 vires
425 970 510 1014 suas.
555 946 653 1030 Quod
676 968 775 1035 quam
801 947 951 1035 iniquum
980 959 1030 1032 s1t,
1058 950 1253 1016 sanctissimi

114 1035 217 1121 patris
239 1034 340 1099 nostri
360 1033 481 1122 Ioseph
509 1044 582 1099 acta
605 1031 836 1114 demonstrant,
866 1035 942 1121 quia
967 1056 1041 1100 cum
1063 1033 1254 1122 Aegyptum

114 1129 216 1185 totam
237 1118 332 1185 famis
353 1132 420 1186 tem
445 1140 499 1186 ore
520 1117 724 1185 tributariam
745 1117 923 1185 Pharaonis
944 1119 1074 1205 faceret,
1105 1119 1253 1186 sacerdo-

114 1213 186 1270 tum
206 1217 325 1271 terram
347 1227 368 1270 a
388 1208 430 1272 tri
455 1221 512 1271 uto
533 1201 670 1271 liberam
692 1226 761 1269 esse
782 1205 940 1291 permisit

201 1291 253 1355 64.
296 1290 402 1389 igitur
433 1289 648 1356 decimonono
686 1287 846 1356 Calendas
881 1289 1043 1356 Ianuanis
1076 1289 1252 1357 Leucatam
1263 1311 1321 1354 nee.
1340 1315 1375 1359 ta

115 1386 283 1457 exetmtes,
312 1375 450 1475 rpsique,
479 1376 644 1463 quoniam,
674 1384 710 1440 ut
731 1376 881 1462 superius
902 1375 1106 1462 scripsimus,
1135 1386 1252 1442 nautae

115 1459 306 1547 effugerant,
318 1473 522 1548 navrgantes,
533 1460 775 1547 decimoquinto
787 1460 829 1526 ad
842 1459 1019 1549 Ooriphus⁵
1035 1462 1252 1549 pervenimus,

115 1546 171 1611 ubi
193 1556 268 1611 ante
290 1547 382 1610 navis
405 1547 623 1632 egressionem
645 1547 788 1611 occmrit
808 1545 903 1612 nobis
926 1556 1085 1634 strategos
1108 1545 1252 1634 quidam,

112 1629 255 1696 Michael
276 1632 417 1713 nomine,
442 1630 664 1711 Chersionitis,
686 1652 706 1695 a
726 1630 799 1695 loco
815 1629 939 1696 scilicet
955 1629 1138 1713 Chersona3
1155 1631 1320 1698 homones.
1338 1655 1375 1698 rs.

113 1717 185 1802 ipse
209 1738 309 1781 canus
332 1718 448 1804 cupite,
474 1716 557 1780 facie
580 1714 699 1795 hilaria,
730 1738 879 1781 sermone
901 1714 1016 1798 bonus,
1037 1717 1104 1782 risu
1127 1738 1256 1803 semper

113 1801 288 1883 iucundus,
312 1801 380 1884 sed,
403 1813 440 1867 ut
459 1810 534 1888 post
554 1802 669 1888 patuit,
691 1812 798 1867 mente
820 1800 984 1884 diabolus3
1011 1801 1099 1889 quod
1121 1812 1153 1868 et
1174 1802 1254 1869 deus

113 1888 235 1974 apertis
257 1885 337 1951 mihi
359 1887 553 1953 monstravit
573 1884 712 1967 indiciis,
735 1887 763 1952 si
785 1908 858 1953 mea
878 1899 958 1952 tunc
978 1909 1070 1952 mens
1085 1885 1147 1952 hoc
1160 1897 1254 1974 potu·

112 1972 192 2038 isset
214 1972 372 2038 conicere.
415 1971 496 2038 Mox
525 1973 611 2037 enim
633 1981 671 2036 ut
691 1993 818 2060 pacem,
840 1994 939 2060 quam
965 1971 1063 2039 corde
1085 1993 1151 2038 non
1171 1971 1253 2040 fere·

112 2055 181 2140 bat,
202 2057 282 2123 mihi
304 2056 413 2123 osculo
436 2056 536 2139 dedit,
558 2067 627 2124 tota
649 2054 822 2145 Coriphus,
848 2077 969 2143 magna
991 2056 1114 2124 scilicet
1135 2056 1252 2143 insula,

111 2143 261 2225 tremuit,
284 2165 345 2210 nec
360 2141 466 2209 solum
481 2141 590 2225 semel,
610 2141 667 2209 sed
682 2152 731 2209 ter
745 2140 860 2209 eadem
876 2140 928 2208 die
944 2144 1144 2231 pertremuit.
1173 2143 1254 2209 Post
1262 2180 1319 2224 m„
1338 2183 1375 2227 η,

135 2228 323 2294 untriduum
355 2238 478 2310 autem,
512 2226 685 2294 undecimo
719 2227 843 2293 scilicet
876 2225 1038 2294 Calendas
1069 2226 1252 2311 nnuaffib,

111 2250 191 2378 dum
224 2315 258 2378 in
290 2335 403 2379 mensa
431 2313 556 2402 positus
585 2335 703 2399 panem
737 2311 956 2394 comederem,
989 2313 1046 2400 qui
1075 2311 1253 2400 ampliabat

112 2421 212 2486 super
233 2421 285 2465 me
308 2398 496 2465 calcaneum
520 2420 625 2479 suum,
647 2397 885 2464 verecundatus
908 2397 957 2463 sol
976 2397 1102 2463 facinus
1123 2409 1190 2464 tam
1204 2399 1312 2466 in-ron.
1327 2419 1363 2473 rs,
1379 2417 1419 2485 rs.

112 2482 258 2570 dignum,
287 2483 370 2548 lucis
393 2506 470 2549 suae
491 2482 600 2549 radios
622 2480 803 2566 abscondit,
825 2494 858 2549 et
879 2481 1014 2572 eclipsin
1036 2503 1163 2571 passus,
1191 2482 1252 2549 Mi·

111 2567 256 2635 cbaelem
278 2567 369 2632 illum
391 2569 515 2652 terruit,
537 2567 594 2635 sed
616 2589 681 2634 non
702 2570 896 2634 immutavit.
1091 2615 1098 2623 .-

197 2655 249 2720 65.
292 2653 412 2720 Dicam
435 2676 522 2741 ergo,
546 2654 625 2740 quid
643 2652 688 2719 illi
701 2661 804 2719 'causa
817 2653 981 2719 amicitiae
995 2651 1137 2737 fecerim,
1161 2654 1252 2742 quid-

109 2760 186 2803 nam
210 2740 251 2805 ab
275 2761 313 2805 eo
335 2761 395 2826 pro
418 2739 717 2826 recompensatione
739 2739 950 2826 perceperim.
987 2737 1077 2803 Dum
1094 2737 1252 2805 Constan-

109 2824 281 2912 tinopolim
304 2824 523 2905 ascenderem,
550 2823 632 2889 illud
653 2835 798 2890 vestrum
820 2824 1089 2911 pretiosissimum
1113 2836 1251 2908 scutum,

111 2911 193 2975 miro
218 2932 315 3009 opero
339 2909 529 2975 deauratum
553 2921 584 2975 et
605 2909 809 2991 sabucetum,
834 2907 921 3060 [lmd
944 2908 1024 2973 mihi
1046 2908 1167 2975 domini
1186 2912 1251 2976 mei

110 3007 243 3082 augusti
275 2994 408 3061 dedistis
442 2996 576 3061 caeteris
611 3017 686 3060 cum
718 2995 843 3060 muneri
867 3016 922 3072 us,
955 3004 992 3058 ut
1024 2995 1137 3060 amicis
1170 2996 1252 3062 meis

112 3079 250 3146 Graecis
273 3078 402 3163 darem,
430 3080 496 3145 filio
520 3082 623 3168 ipsius
652 3079 782 3145 contuli.
826 3079 923 3144 Nunc
945 3078 1252 3168 Constantinopoli⁶

109 3164 249 3248 rediens,
271 3177 397 3253 patrem
419 3164 517 3251 pallio
540 3165 659 3231 donavi
705 3165 931 3245 retiosissimo;
958 3186 1019 3253 pro
1043 3165 1162 3252 quibus
1185 3188 1252 3231 om·

110 3250 206 3316 nibus
223 3252 344 3337 gratias
360 3249 526 3318 drstrrburt
541 3272 664 3317 erusmo
688 3274 716 3315 1:
740 3249 878 3337 Scripsit
891 3248 1106 3337 Nicephorus,
1123 3262 1160 3315 ut
1174 3273 1251 3338 qua-

111 3358 241 3424 cunque
270 3335 351 3402 hora
380 3358 414 3401 se
441 3336 576 3419 adirem,
605 3335 664 3401 abs
690 3359 730 3402 ue
756 3356 848 3402 mora
869 3333 1038 3400 chelandio
1060 3336 1251 3423 impositum

109 3421 213 3487 Leoni
235 3420 392 3487 kitonitas
415 3421 585 3508 dirigeret,
609 3359 697 3509 quob
719 3422 730 3485 i
755 3444 789 3488 se
809 3442 876 3486 non
890 3419 985 3503 fecit3
1007 3441 1121 3487 verum
1136 3420 1251 3487 diebus

108 3508 227 3594 viginti
248 3529 301 3572 me
322 3517 493 3591 retentum,
515 3529 581 3573 non
595 3508 663 3573 suis
678 3528 713 3573 se
750 3506 890 3594 propriis
905 3528 958 3572 me
973 3503 1143 3592 stipendiis
1161 3504 1251 3591 aluit,

110 3653 134 3705 a)
151 3655 184 3693 ita
200 3654 298 3703 corrext;
319 3664 372 3693 nam
392 3665 463 3704 capro
477 3654 593 3701 conavit,
615 3665 638 3694 se
654 3655 675 3695 8.
693 3653 747 3693 Idus
762 3653 885 3693 Decembris
900 3652 1014 3693 leucatem
1034 3655 1130 3704 oenum
1150 3654 1248 3695 Decem·

110 3715 159 3755 bris
177 3713 198 3754 θ.
261 3711 285 3764 b)
299 3715 331 3754 tta
347 3715 432 3754 carreni
449 3714 532 3755 meua
547 3715 668 3754 kalonem:
683 3713 765 3763 Postq.
781 3713 885 3754 triduum
900 3718 980 3754 antem
997 3714 1171 3764 decimoqutnto
1188 3714 1249 3755 scill-

112 3778 150 3815 cet
165 3773 283 3816 calendas
299 3774 448 3815 Decembris.
473 3786 530 3825 quoe
546 3780 564 3814 tt
580 3784 646 3814 emsa
667 3779 740 3820 caret,
761 3784 808 3812 eunt
824 3774 900 3813 triam
918 3778 970 3824 post
988 3774 1023 3815 15.
1039 3773 1093 3817 Kal.
1109 3784 1156 3814 noo
1171 3774 1249 3814 iterum

112 3834 149 3876 15.
166 3834 217 3874 Kal,
235 3843 279 3872 aare
294 3834 369 3883 possit,
386 3840 404 3873 et
420 3840 516 3874 naturae
532 3835 672 3883 (astruuntur,¹
687 3845 739 3874 nam
755 3833 839 3883 eclipsis
853 3833 888 3873 die
904 3833 941 3874 22.
958 3832 1009 3873 Dec.
1020 3833 1077 3884 fratr,
1092 3839 1116 3872 at
1133 3834 1177 3874 Leo
1193 3833 1248 3873 Dte·

110 3905 158 3934 eon.
177 3893 237 3934 IVc.
249 3897 285 3944 11,
302 3893 363 3934 Aac.
381 3894 492 3947 Caucasea,
507 3894 607 3944 ananau.
624 3895 684 3942 mot,
701 3893 821 3943 Farsemee
836 3894 876 3933 alti
891 3898 910 3932 et
926 3892 1013 3933 tabulae
1028 3893 1187 3934 astronomicae
1195 3903 1247 3943 pro·

110 3955 173 3996 artat.
207 3953 248 4001 Qui
263 3953 354 3993 tadmor
370 3955 482 4005 exscripsit
497 3954 537 3997 xl.
550 3955 598 4006 lectt
613 3954 661 3996 XV.
725 3952 745 4004 c)
764 3953 992 4004 constantinopolim
1010 3952 1031 3993 C.

113 4085 139 4153 1)
160 4087 298 4154 Pauperes
319 4104 364 4140 eos
384 4089 534 4142 indicarem
553 4089 657 4153 felices,
678 4090 701 4140 si
721 4095 766 4140 etc.
843 4084 873 4154 2]
895 4087 937 4139 ef.
956 4087 1031 4138 Pers.
1052 4085 1109 4138 Sat
1129 4085 1183 4149 111,
1204 4085 1248 4136 69.

111 4159 142 4228 3)
162 4161 245 4228 Verg.
265 4163 333 4214 Aen.
353 4162 405 4226 111,
424 4165 466 4216 57.
543 4164 573 4229 4)
594 4163 636 4215 cf.
657 4178 738 4230 supra
755 4179 778 4213 c.
794 4161 836 4213 st.
863 4161 1033 4229 Nicephorus
1053 4159 1127 4228 apud
1147 4159 1248 4212 Cedre-

111 4251 184 4377 31an
188 4231 408 4364 odppitiplrsupppot·
435 4234 579 4308 ἐκθέμενος
605 4233 639 4306 μὴ
666 4232 714 4300 τὰς
740 4233 878 4304 {arducius
902 4230 1036 4298 ἀκινήτοις
1055 4226 1249 4288 πλατύνεσθαι.
