2932 4718
247 213 283 265 os
396 211 628 269 uruorsaum
646 184 913 267 surmooosrs.
951 212 1025 267 ms.
1044 212 1084 266 11.
1122 210 1243 265 ιιι-ιι.

186 392 360 473 sos.totque
380 384 553 470 inpensas·
571 384 786 484 prospiceret,
808 383 951 450 invidiae
972 382 1041 451 zelo
1064 393 1180 466 tactus,
1211 383 1278 448 suis
1300 381 1386 449 elan·

247 469 378 623 Ειιιιι1
401 469 488 536 infit:
525 468 599 536 ‘Hic
621 491 686 570 rear
703 469 811 570 potius
839 491 938 571 quam
958 467 1102 536 marchio

1149 478 1253 536 oterat
1274 466 1386 557 appel·

298 555 322 640 ’ς
334 553 432 644 ΙιιιιΙΙο
470 554 504 620 ui
528 555 592 643 pel
608 553 689 620 mihr
708 554 851 638 misrior,
873 577 937 620 n1s1
950 557 1082 622 nomine
1096 493 1302 622 solummodo
1318 553 1386 621 est’.

248 640 323 726 Qus
344 662 397 707 res
412 576 631 707 Adeldertum-
645 638 745 708 latere
766 662 832 707 non
852 640 970 728 potuit
1013 639 1113 722 Quod
1126 641 1235 724 Berts,
1257 649 1295 706 ut
1316 649 1386 706 erat

248 725 365 793 mulier
392 746 458 805 non
486 725 653 807 incallida,
678 724 827 810 audiens,
856 747 923 792 non
951 724 1057 792 solum
1083 725 1190 792 virum
1217 746 1313 792 suum
1342 721 1386 792 ab
1416 765 1421 775 ·

249 812 319 879 eius
346 809 502 878 fidelitate
527 811 698 903 ammovit,
726 832 841 878 verum
868 811 967 878 etiam
996 822 1142 879 caeteros
1162 809 1285 878 Italiae·
1297 811 1386 900 prin·

249 897 338 986 cipes
361 897 392 963 ei
413 894 560 963 infideles
581 896 701 963 effecit
742 895 838 964 Unde
859 895 983 963 haum
1011 908 1072 981 est,
1099 907 1137 964 ut
1163 895 1243 962 dum
1264 895 1388 963 Tuscia

247 980 376 1050 rediens
396 982 561 1049 Veronam
580 991 741 1071 pergeret,
763 981 960 1071 degeretque
982 981 1098 1049 eodem
1118 980 1218 1048 nichil
1242 979 1387 1049 hesitans

248 1066 413 1169 nichilque
441 1065 520 1133 mali
545 1067 731 1156 suspicans,
759 1067 976 1169 Berengsrius
1005 1066 1082 1134 dato
1108 1067 1214 1155 pretio
1236 1065 1387 1134 custodes

250 1152 392 1220 civitam
407 1152 598 1254 corruperit,
619 1151 827 1240 collectisque
840 1152 921 1218 viris
935 1151 1130 1236 fortissimis,
1144 1151 1266 1240 inipso
1280 1152 1387 1219 noem

193 1261 240 1303 nu
250 1238 425 1305 conticinio
447 1237 613 1304 civitatem
633 1237 799 1325 ingressm
819 1236 928 1304 fixerit
1034 1249 1039 1259 ‘

183 1337 240 1393 (u.)
334 1323 388 1390 40.
421 1321 558 1389 Flavius
579 1321 720 1405 Athesis,
742 1324 826 1389 sicut
840 1323 967 1390 Tiberis
981 1323 1131 1406 Romam,
1152 1321 1295 1390 mediam
1309 1323 1388 1389 civi·

249 1418 351 1474 tatem
371 1408 537 1475 Veronam
565 1408 735 1497 percurrit
780 1407 828 1475 Su
852 1431 888 1475 er
916 1431 1014 1496 quem
1040 1410 1156 1497 ingens
1185 1429 1387 1474 marmoreus

250 1493 325 1559 miri
352 1494 460 1582 operis
486 1494 653 1645 miraeque
680 1495 828 1581 magnitu
853 1496 861 1510 '
888 1495 895 1510 ⁸
942 1515 1025 1582 pons
1047 1504 1096 1560 est
1123 1493 1312 1561 fabricatus.
1355 1491 1388 1558 A

250 1578 324 1646 leva
337 1589 448 1650 autem
492 1591 561 1647 arte
606 1580 736 1663 uminis,
759 1600 843 1667 quae
865 1590 917 1646 est
931 1578 1116 1680 aquilonem
1134 1601 1247 1646 versus
1269 1580 1386 1667 posita,

251 1665 366 1731 civitas
389 1675 437 1731 est
483 1666 490 1680 '
529 1663 583 1731 cili
597 1664 764 1752 arduoque
786 1664 867 1732 colle
881 1675 1016 1740 munita,
1038 1663 1121 1730 adeo
1142 1676 1179 1732 ut
1200 1665 1228 1730 si
1250 1686 1289 1731 ea
1310 1685 1387 1766 pars

252 1751 402 1832 civitatis,
419 1773 517 1839 quam
532 1761 729 1819 memoratus
740 1748 860 1815 fluvius
881 1749 1050 1816 dexteram
1065 1748 1166 1830 alluit,
1182 1749 1224 1815 ab
1238 1748 1386 1816 hostibus

252 1836 418 1986 caplis-tur,
447 1859 486 1902 ea
506 1847 616 1903 tamen
642 1833 777 1901 viriliter
803 1837 906 1936 possit
933 1835 1072 1902 defendi
1115 1835 1156 1902 In
1182 1833 1279 1900 huius
1308 1856 1386 1901 vero

252 1942 292 1986 oo
317 1921 343 1986 's
365 1922 549 1988 summitate
594 1921 712 1987 reeiosi
733 1942 839 2009 operis
862 1931 911 1988 est
925 1919 1064 1987 aeclesia
1085 1919 1252 2004 fabricata,
1276 1920 1310 1984 in
1331 1918 1388 1986 ho·

252 2027 331 2072 nore
356 2007 535 2073 beatissimi
562 1945 652 2073 llari
677 2005 898 2094 apostolorum
925 2007 1083 2094 principis
1109 2016 1307 2087 consecrata,
1330 2006 1387 2074 ubi

253 2101 286 2158 et
305 2102 441 2180 propter
469 2090 627 2159 aeclesiae
647 2093 875 2159 amoenitatem
900 2090 1029 2180 locique
1049 2092 1263 2158 munitionem
1285 2089 1388 2157 Hulo·

255 2173 369 2243 doieus
392 2176 555 2244 manebat.
635 2213 638 2220 ,

338 2262 391 2330 41.
423 2263 640 2351 Berengarius
663 2260 813 2350 denique,
835 2273 872 2328 ut
892 2261 1010 2349 prefati
1037 2282 1161 2344 sumus,
1189 2273 1290 2328 noctu
1312 2262 1390 2329 civi·

252 2356 353 2413 tatem
374 2347 550 2435 ingressus,
573 2346 656 2413 clam
678 2346 861 2414 Hulodoico
884 2347 951 2413 suis
973 2369 1048 2414 cum
1071 2344 1227 2413 militibus
1255 2357 1389 2435 pontem

278 2434 484 2517 ertransiens,
505 2434 539 2498 in
559 2434 631 2533 ipso
653 2454 769 2499 aurore
792 2431 982 2520 crepusculo
1010 2431 1098 2499 hunc
1119 2454 1223 2520 usque
1244 2433 1388 2501 advenit

253 2455 321 2602 Bai
335 2516 475 2584 clamore
490 2527 627 2619 strepitu
650 2540 692 2585 ue
714 2517 853 2583 militum
874 2519 1025 2600 exitatus,
1047 2518 1294 2605 sciscitatusque
1310 2517 1389 2606 quid

254 2613 348 2687 esset,
370 2604 406 2668 in
426 2602 618 2670 aecclesiam
700 2604 745 2684 ‘'t,
767 2601 940 2691 nullusque
961 2625 1047 2685 eum,
1069 2613 1179 2691 preter
1199 2603 1388 2692 Berengarii

253 2687 393 2754 militum
415 2711 526 2772 unum,
550 2688 607 2756 ubi
629 2700 758 2755 esseta
805 2689 882 2754 ovit
927 2688 993 2770 Qu
1020 2687 1243 2754 misericordia
1270 2700 1388 2771 motus,

253 2772 358 2839 noluit
377 2772 464 2840 hunc
487 2773 624 2863 prodere
646 2772 704 2840 sed
725 2710 840 2840 ealdre.
886 2773 1018 2840 Timens
1039 2794 1118 2839 vero
1140 2771 1254 2854 isdem,
1282 2795 1324 2840 ne
1345 2773 1387 2841 ab

136 2877 179 2935 ’μ’
192 2858 324 2925 sasaliis
345 2861 525 2948 *repertus
544 2859 738 2948 proderetur
763 2860 895 2948 vitaque
922 2856 1123 2941 multaretur,
1152 2857 1388 2946 Berengarium

253 2943 330 3028 adit,
353 2966 494 3032 eumque
516 2945 562 3010 ita
583 2946 747 3010 convenit:
792 2943 966 3026 ‘Quoniam
1019 2942 1127 3012 uidem
1148 2944 1231 3009 tanti
1251 2954 1285 3011 te
1306 2942 1387 3010 deus

253 3027 377 3114 habuit,
404 3041 442 3096 ut
462 3041 556 3095 tuum
582 3031 731 3130 proprias
758 3031 793 3095 in
814 3051 930 3094 manus
957 3040 987 3095 tr
1030 3039 1098 3095 eret
1123 3026 1260 3111 hostem,
1289 3027 1389 3097 debes

254 3126 286 3180 et
300 3126 336 3180 tu
351 3115 420 3182 eius
435 3116 567 3197 monita,
589 3137 689 3180 ummo
705 3127 869 3203 precepta,
891 3113 1119 3203 magnifacere.
1157 3114 1269 3215 Inquit
1288 3116 1388 3181 enim:

253 3197 367 3268 Estote
395 3198 638 3283 misericordes,
676 3201 760 3267 sieut
788 3214 820 3268 et
850 3210 945 3288 pater
975 3211 1082 3265 vester
1113 3200 1297 3266 misericors
1330 3208 1388 3268 est.

95 3303 158 3350 nus,
170 3306 191 3359 s,
208 3305 244 3349 ss.
253 3282 361 3352 Nolite
382 3285 537 3368 iudicare,
561 3296 593 3352 et
613 3307 679 3351 non
699 3283 936 3367 iudicabimini3
964 3283 1063 3350 nolite
1084 3282 1335 3374 condempnare,
1357 3295 1390 3352 et

254 3391 320 3435 non
342 3370 680 3458 condempnabimini.
715 3370 879 3438 Intellexit
899 3371 1009 3458 itaque
1034 3370 1260 3458 Berengarius,
1282 3381 1320 3437 ut
1340 3371 1390 3437 vir

205 3466 209 3473 “
254 3477 321 3521 non
342 3454 520 3539 incallidus,
540 3454 636 3540 hunc,
664 3477 729 3544 quo
757 3458 829 3544 ipse
855 3456 977 3539 lateret,
1007 3456 1111 3521 scium
1132 3478 1217 3539 esse,
1247 3476 1324 3522 eum
1348 3477 1389 3524 ue

255 3539 443 3628 sophystica
471 3540 532 3606 hac
553 3543 763 3642 responsione
791 3541 934 3642 decepit:
979 3542 1131 3608 ‘Putasne
1160 3564 1229 3624 me,
1257 3541 1331 3606 insu
1360 3563 1387 3620 e,

255 3648 354 3777 quem
368 3626 519 3692 dominus
533 3625 666 3693 trad1dit
679 3625 853 3709 hominem,
869 3649 968 3692 immo
984 3650 1018 3693 re
1043 3648 1105 3710 em,
1120 3625 1202 3693 velle
1217 3623 1388 3694 occidere?

286 3711 424 3799 nmquid
450 3723 483 3778 et
510 3710 623 3777 David
649 3723 781 3777 sanetus
807 3734 918 3800 regem
941 3711 1008 3778 Sah
1042 3733 1095 3779 em
1124 3733 1145 3777 a
1174 3710 1235 3779 deo
1265 3711 1328 3778 sibi
1355 3712 1388 3777 in

255 3817 371 3862 manus
394 3795 507 3862 datum
527 3818 594 3862 non
616 3796 763 3863 occidere
785 3799 900 3884 potuit,
923 3797 1002 3864 sed⁰
1024 3796 1158 3863 noluiti'
1192 3795 1254 3861 His
1269 3818 1388 3863 sermo·

144 3930 146 3932 -
255 3880 352 3948 nibus
374 3881 465 3948 miles
487 3880 674 3965 inclinatus,
703 3881 811 3948 locum
834 3883 982 3966 ostendit,
1010 3882 1054 3949 ad
1080 3904 1178 3970 quem
1199 3881 1390 3970 confugerat

256 3965 467 4033 Hulodoicus.
511 3966 578 4050 Qui
599 3977 712 4055 captus
734 3978 767 4034 et
787 3979 862 4035 ante
883 3968 1072 4056 Berengarii
1092 3968 1289 4056 presentiam
1312 3966 1389 4035 duc·

257 4109 279 4163 a)
297 4113 407 4164 inpensas
424 4115 444 4154 1.
503 4113 528 4166 h)
545 4115 616 4166 quipe
633 4116 654 4156 1.
715 4114 737 4168 c)
753 4119 789 4157 set
803 4128 861 4160 corr.
878 4116 919 4158 sed
936 4118 956 4158 1.
972 4116 1068 4166 εαφιω.

259 4247 284 4311 1)
306 4248 324 4298 i.
346 4262 369 4299 e.
390 4246 553 4302 clanculum.
672 4301 676 4305 .
