2932 4718
299 198 532 253 LIUDPRANDI
550 198 817 255 mironosis.
852 200 925 255 uin.
945 201 968 255 1.
1006 202 1052 256 st.
1216 205 1250 257 2³

112 372 130 436 ό
153 370 279 436 utinam
299 372 431 437 venatio
452 369 533 436 haec
554 371 649 453 feras,
671 391 737 436 non
760 383 889 460 caperet
910 384 1021 460 reges!
1044 371 1148 440 Aiunt
1163 395 1312 461 sanemus,

110 455 207 538 hunc,
231 454 320 538 dum,
351 456 433 521 sicut
453 455 553 521 moris
582 468 641 540 est,
671 476 769 521 aros
799 455 920 523 efreni·
950 466 1127 524 sectaretur
1154 480 1173 525 e
1196 481 1240 527 uo

111 540 267 608 cecidisse
289 539 474 629 collumque
496 540 660 630 fregisset
726 541 838 608 erumb
860 542 1031 609 assertioni
1052 543 1130 610 huic
1151 482 1251 612 sideni

110 625 259 778 qrebere,
280 647 346 692 non
368 625 545 694 absurdum
567 647 724 693 essenon
746 625 831 694 dico.
874 626 1026 695 Etenim
1051 626 1114 695 alia
1136 633 1272 697 mortis

44 747 54 764 ι
133 714 219 796 nius,
250 732 334 800 quae
355 711 436 777 mihi
456 710 663 778 verisimilior
688 712 827 794 videtur,
857 734 878 777 a
915 735 956 780 ue
978 712 1171 781 omnibusa
1218 737 1249 782 o

65 855 68 861 .
110 795 197 886 pulis
227 807 387 880 narratur,
417 797 582 864 assortiat
625 797 662 863 Μ
706 799 714 812 ”
800 797 861 864 dus
919 797 1132 866 ediolanensis
1160 738 1250 867 urlris

110 904 230 967 comes,
260 884 353 949 cuius
382 879 479 971 paulo
502 884 652 970 superius
694 884 817 950 ecimus
846 885 1053 965 mentionem,
1082 884 1161 951 dum
1190 907 1250 987 pro

111 967 234 1036 scelere
262 969 298 1034 in
325 990 395 1035 rem
424 965 592 1056 publicam
620 979 716 1056 atque
738 970 773 1034 in
795 990 906 1056 regem
936 971 1108 1036 commisso
1134 972 1251 1059 capitis

111 1052 228 1121 iuditio
244 1053 462 1138 damnaretur,
482 1054 615 1120 unicum
630 1055 848 1142 possessionis
862 1077 940 1123 suae
954 1055 1122 1139 vicarium,
1136 1055 1251 1145 Hugo

109 1162 187 1207 nem
213 1137 318 1206 filium
347 1137 528 1228 dereliquit
561 1139 668 1222 Quem
682 1139 760 1206 dum
775 1139 969 1207 Lambertus
983 1162 1043 1208 rex
1058 1161 1132 1206 cum
1147 1140 1251 1209 forma

110 1226 246 1315 egregia
270 1234 339 1292 tum
367 1223 539 1292 nonnullos
568 1247 720 1312 superare
749 1225 875 1293 videret
900 1226 1041 1311 audatia,
1070 1227 1172 1294 animi
1199 1227 1251 1294 sui

110 1311 670 1463 iiitplfblmeepmuiffii'iff
689 1309 972 1463 dimidii
985 1311 1251 1466 tuitiitii

95 1472 338 1549 'familiaritatis
372 1419 543 1582 pidvilegio
575 1479 718 1548 dederat
762 1481 901 1550 Factum
932 1420 1139 1570 estpuutem,
1172 1482 1251 1549 dum

110 1565 307 1633 Lambertus
327 1588 388 1634 rex
409 1575 575 1633 nominato
596 1567 631 1632 in
651 1564 724 1633 loco
746 1566 892 1633 Marinco
907 1576 1130 1651 venaretur⁶³,
1146 1604 1187 1618 -
1203 1578 1252 1635 est

109 1653 197 1718 euim
231 1651 346 1720 eodem
378 1655 480 1719 mirae
513 1651 745 1738 magnitudinis
775 1662 808 1720 et
837 1652 1020 1742 amenitatis
1048 1651 1141 1719 lucus
1168 1651 1250 1721 adeo

110 1737 341 1805 venationibus
372 1759 393 1802 u
416 1748 468 1804 tus
492 1777 530 1790 -
560 1737 625 1803 huc
655 1735 799 1826 illucque
828 1738 965 1822 cunctis,
999 1748 1035 1805 ut
1064 1740 1164 1804 moris
1192 1749 1250 1823 est,
1308 1799 1311 1806 .

110 1822 377 1908 discurrentibus,
426 1844 465 1889 oc
486 1844 562 1889 cum
583 1844 648 1888 uno
677 1822 803 1890 scilicet
822 1823 965 1912 Hugone
994 1823 1103 1911 ipsum
1132 1821 1251 1890 solum·

110 1907 208 1976 modo
229 1911 265 1975 in
285 1930 418 1976 nemore
439 1908 643 1975 remansisse.
681 1908 831 1997 Cumque
852 1931 912 1975 rex
932 1930 1049 1999 aprum
1063 1908 1098 1973 in
1112 1910 1251 1976 transitu

133 1993 351 2080 restolsretur,
377 1992 498 2083 diuque
520 1992 657 2060 multum
686 2003 869 2062 remorante
897 1992 996 2083 longa
1090 1996 1251 2062 erutione

158 2089 294 2163 sarenu,
315 2077 483 2169 paululum
505 2101 577 2146 sese
592 2080 694 2181 quieti
708 2079 807 2158 dedii,
827 2079 961 2168 vigiliae
975 2016 1158 2146 cusetxodiam
1173 2078 1250 2148 huic

110 2164 222 2248 infido,
255 2165 350 2254 quasi
381 2164 462 2250 fido,
496 2174 711 2231 committens.
754 2165 861 2252 Igitur
891 2162 1080 2232 absentibus
1113 2165 1249 2251 cunctis,

111 2250 263 2339 Hugonis
295 2273 387 2319 mens
420 2249 574 2335 custodis,
607 2251 707 2316 immo
739 2248 913 2340 proditoris
945 2261 1062 2352 atque·
1077 2249 1249 2336 carnificis,
1306 2299 1307 2303 =
1409 2296 1412 2300 ,

112 2335 301 2404 collatorum
330 2334 563 2403 beneficiorum
592 2336 764 2402 immemor
788 2333 950 2488 ἔίιιτίιιω,
981 2345 1081 2425 patris
1111 2345 1261 2407 mortem.

109 2424 218 2489 animo
248 2421 336 2511 cepit
363 2420 541 2488 revolvere.
592 2421 668 2487 Non
695 2423 787 2488 consi

110 2509 228 2576 iustam
261 2507 437 2574 incurrisse
465 2528 596 2589 necem3
627 2505 864 2591 iusiurandum,
892 2527 963 2592 regi
996 2505 1084 2608 quod
1117 2506 1248 2588 facerat,

109 2591 231 2662 violare
251 2614 319 2659 non
339 2592 471 2676 metuit,
500 2591 660 2659 vicarium
688 2614 723 2659 se
750 2591 861 2677 Iudae,
891 2591 1016 2658 domim
1043 2592 1146 2659 nostri
1171 2591 1248 2658 Iesu

811 2423 914 2488 erevit
941 2421 1121 2523 genitorem
1154 2443 1249 2487 suum

110 2807 134 2860 s)
150 2808 165 2850 ι’.
181 2819 199 2850 e.
215 2806 307 2848 effreni.
367 2804 392 2856 b)
409 2805 430 2846 i.
448 2804 729 2856 imbutamentis
746 2815 815 2856 usque
831 2805 919 2847 collum
934 2804 1013 2855 tregit,
1028 2804 1062 2845 its
1077 2802 1181 2854 efferast:

111 2889 137 2901 -
153 2869 242 2911 Verum
258 2866 315 2916 quis
330 2865 458 2907 meandum
474 2865 538 2905 besti
554 2864 596 2905 Iob
612 2865 753 2906 sententiam
769 2865 883 2915 terminus
899 2865 957 2906 eius
976 2864 1086 2914 preteriri
1102 2874 1149 2905 non
1165 2864 1249 2914 potuit,
1259 2868 1309 2912 Iob.
1324 2869 1361 2920 le,
1375 2868 1411 2912 ii.

110 2929 178 2971 illurn
194 2927 339 2968 dominicum
354 2935 486 2966 sermonem
502 2934 549 2974 quo
565 2923 650 2965 dicitur
665 2928 695 2966 ¹et
710 2925 802 2966 inimici
817 2925 918 2966 hominis
934 2924 1055 2965 domestici
1070 2921 1128 2965 eius*
1139 2922 1250 2974 adimpie-
1259 2927 1329 2972 uren
1346 2928 1371 2982 t,
1387 2929 1411 2971 ο,

110 2990 150 3030 vii.
182 2987 244 3028 Nem
266 2986 321 3027 dum
343 2985 461 3036 quendam
482 2983 668 3035 Mssimiricium,
689 2984 753 3025 iilius
774 2983 918 3034 Megimiridi
937 2983 1082 3034 prepotentis
1102 2986 1128 3030 ut
1148 2982 1249 3024 dminus

111 3046 296 3090 Mediolanensis
317 3045 382 3086 urbis
405 3045 505 3095 comitis,
528 3053 597 3094 quern
618 3044 690 3095 psuio
711 3045 818 3096 superins
840 3044 907 3093 regis
929 3044 1034 3084 iussione
1054 3052 1097 3095 pro
1118 3041 1249 3083 rebellione

109 3109 229 3150 hominem
254 3106 347 3147 exuisse
369 3106 524 3154 asseruimus,
544 3103 629 3154 tilium,
651 3104 756 3155 paternis
776 3103 902 3145 beneficiis
923 3103 1046 3154 donatum,
1068 3102 1141 3143 nimis
1161 3102 1249 3144 ismiii·

110 3165 203 3220 trinta,
219 3175 273 3207 curn
288 3176 331 3218 pro
346 3164 468 3206 iideiitstis
484 3163 596 3205 tirmitste
618 3167 668 3204 tum
688 3168 801 3215 pstsme
823 3164 888 3205 necis
909 3162 1036 3214 oblivione,
1057 3171 1099 3203 rex
1122 3161 1168 3202 sibi
1183 3171 1198 3202 s
1213 3171 1249 3203 se·

111 3225 191 3271 cretis·
206 3225 310 3277 iecisset,
326 3235 427 3276 eumque
442 3224 576 3266 *eudonis
592 3233 671 3275 csuss,
692 3224 712 3264 si
727 3224 822 3264 unedo
838 3223 885 3264 diri
900 3225 987 3273 potest,
1008 3231 1055 3272 qus
1070 3231 1112 3263 rsx
1127 3231 1175 3263 non
1192 3231 1250 3272 sper

112 3290 209 3341 capitur,
225 3295 305 3328 seeum
320 3285 351 3326 sd
366 3285 483 3337 pretsturn
498 3284 577 3326 iocum
588 3285 624 3326 irs
634 3284 748 3335 iussisset,
764 3282 858 3334 eccidit,
873 3286 899 3325 ut
908 3282 993 3325 esteris
1004 3282 1156 3323 venatoribus
1165 3291 1249 3333 aprum

111 3351 137 3391 in
156 3346 235 3389 medio
258 3355 354 3387 nemore
374 3344 579 3397 persequentibus,
602 3340 700 3394 insisto·
720 3344 789 3385 ferini
805 3344 932 3394 euirsctus,
953 3342 1016 3392 renis
1032 3341 1184 3391 umdemque
1201 3340 1249 3382 iis·

112 3407 215 3460 numdi
230 3404 337 3447 custodis
352 3414 395 3456 per
410 3404 512 3445 divortia
528 3403 601 3445 tutari
616 3403 741 3446 debuisset.
771 3402 824 3452 Qus
846 3411 902 3444 vero
924 3400 1032 3444 custodis
1047 3402 1102 3441 turn
1117 3400 1191 3442 ninia
1207 3410 1249 3442 rex

29 3489 31 3496 ι
110 3467 277 3521 expecteticns
292 3465 410 3515 fatuam,
427 3464 552 3504 commissa
566 3463 710 3512 liseimiridi
726 3462 844 3504 obtutibus
859 3462 951 3514 meilis,
972 3469 1024 3503 sese
1046 3459 1123 3511 quisti
1136 3458 1249 3512 dedisset,

111 3526 273 3579 iistimiridus
288 3535 337 3567 non
352 3528 465 3576 paternas
480 3524 547 3565 neeis
569 3523 610 3565 ssd
635 3527 780 3565 csetersrrm
801 3532 863 3574 quse
883 3532 925 3564 rex
945 3521 970 3563 ei
988 3521 1102 3563 intulerat
1126 3520 1249 3560 immemor

109 3589 248 3639 bonitstum,
263 3596 296 3628 ns
318 3582 436 3626 situsions
451 3583 574 3634 unguinis
588 3587 757 3633 maceretur
771 3583 857 3625 soemo
872 3582 943 3634 retis,
962 3581 1029 3631 iisne
1044 3589 1115 3631 quem
1131 3588 1186 3621 nex
1200 3588 1249 3620 non

110 3649 202 3691 medico
224 3648 329 3698 eccepto,
350 3643 487 3686 dormientis
503 3643 572 3684 tersi
592 3644 709 3686 cervium
724 3643 817 3685 netem
838 3642 887 3684 ictu
902 3640 1026 3691 murena
1093 3636 1112 3690 ⁹)
1129 3638 1159 3680 sd
1175 3639 1249 3680 secte·

108 3713 157 3752 tem
173 3709 196 3750 ii.
255 3702 276 3759 ⁹)
290 3703 385 3756 undaro
392 3702 423 3744 ti.
484 3700 506 3754 e)
522 3706 676 3745 usnmuetur
691 3704 712 3744 1.

112 3887 141 3958 1)
161 3888 204 3942 ct.
225 3887 311 3941 usses
330 3883 492 3951 Berengsrii
510 3884 608 3952 imper.
627 3882 646 3935 l.
666 3882 719 3947 111,
746 3881 902 3935 tis-ato.
978 3877 1009 3948 2)
1027 3876 1152 3932 Eandem
1170 3877 1247 3930 isbu-
1304 3898 1306 3902 ⁷

109 3963 166 4018 lsm
186 3963 221 4014 ds
240 3966 326 4014 morte
344 3958 486 4012 lamberti
503 3956 624 4010 violente
643 3964 755 4011 nsrrsnt
768 3956 922 4010 chronicon
940 3952 1065 4008 Nossiic.
1083 3968 1146 4022 app.
1167 3967 1190 4006 c.
1207 3952 1249 4017 it,

60 4068 66 4079 ·
111 4034 239 4092 Lendnlfi
257 4035 330 4088 Hist.
348 4033 497 4087 Mediolsn.
516 4030 536 4085 i
555 4030 594 4096 11,
614 4047 639 4086 c.
659 4033 684 4083 t.
797 4031 828 4099 8)
847 4027 986 4083 ‘liarincc'
1004 4028 1051 4081 vel
1070 4027 1202 4081 ‘riennes
1220 4027 1249 4079 iu

112 4112 231 4166 nemore’
255 4108 338 4162 datse
357 4114 420 4162 sunt
444 4106 557 4161 nltimss
575 4107 716 4160 Lsmtsrct
737 4106 847 4160 chartae
875 4104 970 4157 diebus
997 4103 1023 4156 8.
1050 4108 1083 4155 et·
1103 4101 1148 4154 ³0.
1173 4101 1248 4180 §ept-

110 4187 211 4241 mensis
230 4183 295 4238 898.
363 4188 367 4191 ’
