2932 4718
240 197 475 253 numenium
493 196 761 252 munrouosls.
799 197 874 252 us.
893 197 950 253 111.
989 198 1109 253 48-44.
1215 200 1249 253 '18

109 377 241 470 temque
270 366 454 434 liberalium
487 369 605 435 artium
637 367 789 456 peritiam
820 366 950 435 Verona
977 369 1150 458 episcopus
1177 390 1251 437 con·

111 455 262 607 puppim,
295 451 353 518 ubi
386 464 418 520 et
449 451 539 537 Milo,
577 475 677 541 quem
709 474 810 540 supra
842 455 1105 539 memoravimus,
1141 475 1251 524 comes

133 560 154 604 a
219 550 302 605 atur.

194 624 247 690 43.
292 622 394 690 Wido
423 625 556 706 interea,
591 621 733 688 Tusciae
762 624 951 710 provinciae
980 623 1136 709 marchio,
1175 645 1317 716 comm)

107 706 254 776 Maronia
275 730 380 775 uxore
401 731 461 776 sua
481 707 522 775 de
543 707 698 775 Iohannis
719 728 825 795 papae
847 706 1029 776 deiectione
1052 710 1139 798 cepit
1155 708 1250 778 vehe-

109 804 235 860 menter
262 802 412 877 tractare,
441 802 539 882 atque
567 791 630 860 hoo
661 802 795 893 propter
823 791 991 877 invidiam,
1025 816 1124 882 quam
1152 795 1250 862 Petro

109 877 199 944 fiatri
230 899 337 967 papae
369 876 543 961 habebant,
576 899 730 1028 promam
763 876 897 965 quidem
929 876 1019 944 illum
1053 900 1140 967 papa
1167 881 1251 948 sicut

109 961 242 1029 nauem
296 986 333 1030 ro
357 966 444 1031 rium
465 964 590 1030 honora
613 974 655 1030 at
706 960 805 1029 Conti
830 965 854 1029 't
882 964 894 1028 i
952 985 993 1030 ue
1021 963 1118 1031 Petro
1146 965 1250 1033 Rome

110 1047 258 1136 degente,
273 986 457 1116 {vidonem
478 1047 597 1115 multos
616 1047 769 1115 habuisse
791 1068 810 1113 c
843 1072 876 1115 m
891 973 1009 1116 u'idites
1024 1060 1250 1151 congregatos.

111 1130 261 1222 Cumque
294 1133 347 1202 die
368 1132 522 1286 nparradam
552 1155 640 1222 papa
668 1154 743 1199 eum
772 1131 1081 1284 fratrehpaucisque
1113 1132 1186 1201 alus
1214 1134 1250 1201 in

108 1216 367 1307 Lateranensip
420 1219 466 1286 tio
495 1229 590 1302 esset,
623 1217 775 1284 Widonis
810 1230 843 1286 et
906 1221 1034 1287 urociae
1063 1241 1163 1308 super
1192 1241 1248 1288 eos

109 1302 227 1371 milites
249 1305 420 1388 irruentes,
442 1304 576 1371 Petrum
596 1301 705 1369 fratris
726 1304 830 1390 ipsius
851 1315 927 1371 unte
948 1301 1060 1372 oculos
1082 1303 1249 1374 interiece-

108 1400 219 1474 runt13
241 1389 383 1456 eundem
403 1410 482 1455 vero
503 1409 625 1476 papum
646 1386 968 1474 comprehendentes,
990 1387 1138 1456 custodie
1159 1410 1249 1456 man·

110 1473 270 1561 cipetum,
290 1475 325 1540 in
369 1495 413 1540 ua
433 1495 500 1540 non
521 1471 720 1560 multopost
741 1483 792 1539 est
812 1472 991 1541 defimtus·.
1025 1474 1130 1540 Aiunt
1151 1477 1249 1559 enim,

110 1557 311 1711 tutati
360 1557 1304 1731 tutti?,iffitttrtttdttmtt„„

307 1694 314 1710 .
608 1691 616 1725 ,
1305 1709 1311 1722 ,

109 1728 251 1812 nomine,
274 1751 370 1816 quem
393 1751 436 1796 ex
458 1727 520 1796 Ser
544 1729 573 1794 'o
603 1749 691 1816 papa
718 1729 873 1795 meretrix
899 1729 911 1793 i
935 1750 972 1796 sa
999 1739 1167 1817 genuerat,
1194 1751 1251 1819 pa·

132 1826 208 1879 am⁸
246 1816 456 1915 constituunt
561 1812 616 1912 ido
652 1834 730 1914 pero
760 1835 826 1914 non
861 1836 895 1879 m
920 1825 963 1918 ‘to
999 1824 1075 1902 post
1105 1815 1251 1903 moritur,

158 1909 273 2052 efflue
290 1897 681 2068 diddoffigmmumpim
690 1897 1071 2068 vddaebldlssaotidl,uirarrtirldi⁰oa
1086 1955 1161 2052 suos
1176 1988 1309 2074 postera

109 2068 264 2136 Widonis
294 2070 403 2135 mariti
441 2071 493 2135 aui
520 2079 659 2135 mortem
722 2069 824 2157 ugoni
850 2072 923 2157 regi
950 2069 1075 2172 dirigit,
1109 2091 1250 2173 eumque

108 2154 234 2237 invitat,
262 2163 301 2221 ut
321 2176 356 2220 se
378 2153 475 2222 adeat
495 2155 699 2241 Romamque
727 2151 963 2221 nobilissimam
994 2157 1158 2223 civitatem
1185 2155 1249 2223 subi

108 2237 291 2304 adiumnti.
334 2238 410 2306 Hoc
431 2249 541 2306 autem
563 2259 630 2305 non
651 2235 744 2305 aliter
764 2259 860 2326 posse
882 2239 954 2306 fieri
973 2240 1163 2324 testabatur,
1185 2241 1250 2306 nisi

108 2345 180 2390 eam
202 2346 262 2390 rex
283 2321 383 2412 Hugo
406 2323 470 2390 sibi
490 2326 642 2390 maritam
662 2321 794 2391 faceret.

194 2407 285 2491 Quid
299 2408 437 2475 Veneris
450 2408 577 2475 facibus
593 2405 763 2496 compulsa
776 2407 922 2475 Maronia
936 2409 1062 2477 saevis?
1112 2409 1248 2478 Versus.

194 2492 353 2582 Coniugis
375 2515 452 2562 ecoe
472 2495 522 2560 tui
543 2502 671 2581 spectas
693 2502 730 2558 tu
752 2493 866 2559 suavia
886 2492 1005 2578 statuis,

192 2578 325 2646 Nubere
346 2579 511 2666 germanis
533 2589 685 2666 satagens
705 2577 854 2645 Herodia
874 2577 1012 2663 duobus,
1131 2604 1133 2608 ·

191 2663 370 2732 Immemor
392 2687 433 2731 en
454 2664 575 2730 videris
596 2664 742 2762 precepti
764 2684 843 2730 ceca
862 2662 1027 2748 Iohannis,

153 2747 261 2830 aQui
283 2748 375 2814 fratri
395 2749 501 2815 vetuit
520 2748 629 2815 fratrrs
650 2745 773 2814 violare
794 2751 983 2823 maritam„
1258 2779 1362 2831 isarae,
1376 2782 1397 2822 1.
1450 2758 1452 2763 ’

193 2833 287 2900 Haec
309 2833 371 2900 tibi
392 2834 523 2901 Moseos
544 2855 612 2899 non
632 2843 779 2920 prestant
800 2835 945 2899 car-ruina
965 2834 1059 2899 vatis.

195 2919 260 3000 Qui
281 2918 373 2985 fratri
395 2918 541 2986 subolem
563 2917 671 2983 fratris
692 2916 734 2984 de
755 2919 887 2986 nomine
909 2920 1004 2985 iussit
1260 2941 1357 2986 naum.

193 3001 311 3088 Edere,
334 3004 362 3069 si
383 3004 510 3092 primus
531 3011 674 3090 nequeat
694 2999 759 3069 sibi
779 3004 914 3090 gignere
936 3014 1060 3069 natum.
1261 3002 1299 3055 ’δ’
1315 3001 1337 3044 ⁶·

193 3087 312 3154 Nostra
332 3099 390 3156 tuo
411 3089 578 3191 peperisse
599 3088 670 3152 viro
692 3098 725 3154 te
751 3086 864 3154 secula
884 3098 1014 3154 norunt
1036 3129 1039 3134 -

134 3187 171 3241 to
194 3172 396 3261 Respondes,
418 3194 496 3257 soro,
519 3183 571 3239 tu:
594 3169 713 3238 ‘Niehil
733 3171 797 3237 hoc
818 3172 932 3240 Venus
955 3173 1047 3240 ebria
1067 3174 1201 3238 curata

193 3257 338 3326 Advenit
359 3268 489 3346 optatus
511 3278 572 3324 ceu
592 3257 653 3323 bos
676 3256 736 3322 tibi
757 3255 875 3324 ductus
896 3256 939 3323 od
961 3279 1052 3324 aram

194 3342 266 3408 Rex
288 3342 399 3430 Hugo,
421 3344 603 3410 Romanam
623 3342 733 3428 potius
755 3353 960 3410 commotus⁰
982 3341 1026 3409 ob
1048 3341 1175 3410 urbem.
1254 3386 1257 3391 -

195 3427 284 3509 Quid
304 3430 406 3511 iuvat,
428 3426 638 3511 obscelerata,
660 3425 769 3492 virum
791 3429 838 3492 sio
859 3427 996 3516 perdere
1012 3424 1187 3494 sanctum?

195 3510 339 3579 Crimine
360 3513 439 3579 dum
460 3520 550 3579 tanto
573 3509 694 3597 satagis
715 3512 829 3599 regina
849 3511 965 3597 videri,

137 3610 170 3664 to
195 3597 329 3664 Amittis
351 3618 505 3685 magnam
520 3596 652 3663 domino
676 3605 717 3661 tu*
734 3596 843 3664 iudice
864 3597 1014 3665 Romam,

110 3679 224 3762 *Quod
243 3690 331 3748 recte
353 3703 424 3749 esse
445 3692 564 3767 actum,
585 3702 652 3746 non
674 3679 778 3746 solum
800 3693 929 3750 sensata
947 3703 1061 3750 verum
1084 3682 1181 3748 etiam
1203 3680 1363 3763 invasis.

110 3776 238 3832 sensata
259 3765 530 3834 animadvertunt

110 3889 133 3944 a)
148 3893 163 3937 i.
180 3878 199 3936 a
216 3893 347 3936 oemneans.
401 3874 432 3946 b)
447 3894 579 3936 adsummat
595 3896 615 3935 1.
678 3891 700 3945 c)
715 3899 845 3936 commotus
863 3897 883 3938 1.

113 4006 140 4071 1)
160 4006 203 4061 Gt.
222 4008 369 4062 Benedicti
390 4009 483 4062 chron.
505 4024 529 4062 c.
548 4008 584 4061 29
605 4007 667 4074 (ΒΕ.
686 4007 742 4074 ΠΙ,
763 4007 841 4076 714).
909 4006 939 4077 Ξ)
958 4009 1073 4063 Mortuis
1090 4010 1185 4073 ¹stiam,
1204 4009 1252 4079 qui

111 4081 137 4131 ei
156 4088 355 4148 successerant,
379 4083 473 4137 Leone
493 4082 543 4138 v1.
568 4088 596 4136 st
615 4082 754 4152 Stephano
774 4082 838 4137 vn.
914 4082 945 4151 8)
964 4083 1115 4138 Iohannem
1134 4083 1253 4153 Xani

111 4170 160 4282 gut
174 4154 329 4284 iazaftipop.
360 4157 413 4209 931
444 4173 577 4212 summum
606 4156 794 4226 pontificatum
822 4156 939 4226 adeptus
969 4164 1020 4240 est.
1087 4154 1127 4226 ⁵4)
1155 4157 1253 4213 quen.

131 4242 168 4282 a.
231 4268 238 4295 ,
314 4269 321 4285 .
