2932 4718
229 251 281 304 lla
375 248 610 304 nrunrnaunl
630 246 897 304 maroneam.
935 248 1010 303 LIB.
1034 249 1069 304 V.
1108 246 1230 309 28-28.

163 431 257 490 asset
278 419 430 490 Stefanus
451 417 647 486 invitabunt.
691 417 842 508 Oumque
862 431 938 487 tuae
966 419 1120 486 sessionis
1141 415 1288 484 medium
1309 439 1366 484 ex·

224 503 371 576 ellentiae
401 516 466 588 tue,
496 515 656 594 quatenus
686 505 786 571 moris
815 515 874 587 est,
904 503 1051 571 obtinere
1079 500 1265 592 temptabis,
1292 524 1367 655 per·

223 611 321 660 cusso
342 611 422 658 mox
443 602 535 658 scuto
568 587 687 656 inclusi
707 587 749 657 de
771 587 923 656 cubiculo
946 587 1090 672 exilient,
1112 599 1270 676 tuamque
1306 606 1365 655 uso

223 677 381 765 sunguine
403 675 506 747 ,um
526 639 650 742 tinient.
682 673 800 742 Fidem
820 685 932 742 sutem
958 674 988 740 si
1008 672 1118 742 relatis
1139 672 1304 762 exposcis,
1324 671 1365 738 iis

222 763 257 828 in
280 762 494 829 msentiarum
526 761 725 849 argumentis
761 758 909 844 adfirmo,
947 759 1101 849 quoniam
1138 755 1366 826 conclusorum

223 783 284 915 tilii
304 867 462 936 personas
483 845 575 913 rimis
597 844 747 930 ostend03
769 842 848 911 dein
869 842 959 935 quod
979 842 1078 912 soluti
1098 841 1301 932 solempnius
1316 853 1366 910 est

223 943 310 1015 tune,
330 929 511 998 hostiorum
532 929 593 998 tibi
615 928 725 998 clsves
745 927 858 996 trado’.
902 928 965 996 His
980 928 1101 996 auditis
1117 927 1368 998 Constantinus:

224 1015 325 1105 ‘Age',
346 1015 427 1101 infit,
458 1023 505 1083 ‘ut
526 1016 768 1083 coniuratorum
796 1013 969 1103 prodidisti
1018 1013 1176 1099 erfidiam,
1204 1024 1365 1102 quatenus

222 1099 307 1168 hunc
330 1103 511 1185 devincam,
539 1121 696 1189 exprome
718 1101 922 1167 sententiam.
969 1037 1046 1166 lieu
1074 1099 1162 1166 enim
1191 1097 1272 1166 mihi
1297 1109 1365 1166 tam
1444 1171 1448 1177 ,

223 1208 298 1254 rues
318 1184 405 1253 sulus
427 1207 512 1270 cera,
535 1207 634 1275 qnam
654 1186 759 1276 pietas
774 1185 836 1252 erit
848 1185 883 1251 in
896 1183 1068 1253 referende
1141 1185 1188 1250 tia
1202 1181 1365 1250 iucundn'.

225 1269 289 1340 uui
309 1269 521 1339 Disvolinus:
548 1268 642 1337 ‘Non'
673 1271 789 1359 inquit,
811 1267 907 1337 ‘elam
927 1279 961 1336 te
982 1281 1042 1356 est,
1127 1267 1269 1336 cedones
1290 1289 1367 1336 cum

224 1353 285 1424 ubi
313 1353 458 1440 devotos,
488 1365 559 1422 tum
585 1320 670 1423 bello
699 1354 797 1423 duros
827 1356 984 1438 existere3
1022 1355 1142 1422 mittito
1171 1354 1218 1421 ita
1239 1374 1292 1438 ue,
1326 1374 1364 1420 ac

223 1438 395 1509 cubicula·
417 1441 560 1530 propria,
590 1439 725 1509 Stolone
754 1452 788 1508 et
816 1438 1028 1508 Constantino
1057 1375 1296 1528 ignorantibus,
1318 1439 1366 1505 eis

223 1525 445 1594 suffarcinato.
505 1524 656 1616 Cumque
696 1524 866 1613 designata
901 1525 971 1592 dies
1007 1525 1152 1592 convivii
1186 1523 1372 1607 advenerit,¹

223 1621 322 1699 atque
345 1609 563 1680 obsessionis
584 1610 703 1678 fastum
726 1609 872 1677 simultas
901 1611 1082 1700 inrepserit,
1106 1609 1182 1676 dsto
1211 1609 1306 1697 signo
1328 1617 1366 1675 ut

225 1695 368 1786 prefatus
391 1719 474 1781 sum,
504 1718 661 1786 percusso
684 1693 810 1762 scilieet
838 1707 942 1781 scuto,
981 1717 1056 1763 eum
1088 1691 1219 1760 illorum
1248 1715 1365 1760 marrus

223 1792 421 1848 amatorum
444 1780 586 1870 presidio
608 1782 654 1849 eis
677 1803 748 1848 esse
769 1802 836 1847 non
857 1782 987 1871 poterit,
1012 1781 1061 1847 tui
1089 1801 1170 1845 mox
1192 1802 1235 1846 ex
1256 1781 1366 1868 inpro-

223 1866 296 1931 viso
318 1863 515 1955 prosiliantl,
538 1888 657 1954 eosque
679 1874 768 1933 tanto
792 1863 995 1933 commodius
1025 1876 1146 1954 quanto
1168 1865 1366 1953 insperatius

225 1947 365 2038 capiant,
399 1961 498 2040 atque
527 1951 570 2017 ud
598 1952 743 2017 vicinum
772 1952 1015 2033 monasterium,
1048 1949 1091 2018 ad
1120 1947 1209 2038 quod
1238 1959 1367 2038 patrem

224 2058 329 2119 suum,
351 2058 500 2104 socerum
522 2034 647 2102 scilicet
661 2045 764 2120 tuum,
787 2036 982 2120 direxerant,
1006 2037 1116 2118 tonsis,
1140 2045 1177 2102 ut
1190 2036 1290 2102 moris
1306 2044 1364 2118 est,

225 2119 379 2205 crinibus,
407 2119 717 2222 phylosophandum
743 2123 973 2190 transmittant.
1028 2120 1170 2187 Divinae
1202 2119 1366 2209 siquidem

224 2205 387 2274 rectitudo
407 2206 529 2273 iustitie
551 2218 644 2273 tuum
665 2207 833 2293 negotium
856 2204 1060 2288 secundabit,
1081 2206 1176 2288 cuius
1190 2226 1367 2294 reconpen-

225 2292 338 2374 satio⁶,
360 2313 401 2358 ne
423 2292 458 2358 in
480 2301 607 2380 patrem
636 2302 820 2379 peccarent,
847 2290 921 2358 illos
948 2294 1015 2358 no'n
1043 2292 1168 2373 terruit,
1197 2299 1230 2356 et
1252 2300 1294 2372 te,
1324 2311 1365 2357 ne

225 2375 417 2461 offenderes,
439 2375 632 2443 custodivit.
676 2376 773 2460 Quod
795 2378 880 2444 iusto
903 2375 956 2444 dei
999 2375 1115 2444 iuditio
1136 2375 1183 2442 ita
1196 2374 1370 2458 accidisse,

105 2483 108 2489 ’
225 2482 291 2528 non
313 2461 419 2540 solum
440 2461 531 2528 Euro
556 2483 585 2547 a,
607 2461 666 2528 sed
689 2473 722 2528 et
742 2462 823 2528 Asia
844 2483 932 2529 nunc
955 2473 1064 2528 cantat
1085 2473 1119 2529 et
1139 2459 1264 2527 Africa.
1299 2458 1367 2527 De·

225 2547 351 2635 signato
374 2548 494 2614 etenim
551 2569 579 2630 e,
608 2546 688 2612 dum
713 2546 866 2614 simulata
917 2568 975 2614 ace
1003 2545 1255 2616 Constantinum
1276 2543 1365 2611 hunc

226 2631 378 2698 Stefanus
406 2642 438 2698 et
465 2629 697 2698 Constantinus
725 2631 841 2699 fratres
939 2632 1128 2699 convivium
1151 2631 1364 2713 invitarent1,

225 2726 258 2784 et
279 2716 323 2785 ob
344 2717 496 2784 sessionis
518 2716 638 2783 fastum
658 2715 816 2783 tumultus
843 2719 1034 2806 insurgeret,
1063 2736 1220 2807 percruso
1242 2725 1280 2782 ut
1300 2713 1368 2783 dic·

225 2811 295 2868 tum
315 2812 365 2868 est
386 2813 489 2884 scuto,
511 2800 708 2868 Macedones
722 2803 885 2890 insperato
901 2811 1070 2891 proruunt,
1092 2801 1239 2889 duosque
1253 2799 1368 2867 fratres

227 2885 397 2954 Stefanum
418 2898 451 2954 et
473 2885 723 2954 Constantinum
753 2908 851 2975 quarn
878 2910 957 2954 mox
979 2885 1228 2976 conprehensos,
1256 2893 1367 2952 tonsos

226 2972 342 3059 capite,
378 2971 421 3037 ad
456 2973 597 3038 vicinam
633 2971 806 3057 insulam‘l,
844 2971 1151 3062 phylosophandum
1187 2968 1230 3036 sd
1267 2991 1366 3059 quam

226 3068 352 3146 patrem
374 3056 571 3141 direxerant,
593 3057 726 3124 mittunt
735 3068 758 3121 ².

163 3181 218 3236 (n.)
312 3160 364 3227 23.
398 3161 546 3244 Quorum
568 3172 661 3248 pater
682 3161 847 3228 Romanos
874 3161 1051 3229 adventum
1073 3172 1109 3227 ut
1129 3161 1264 3245 audivit,
1295 3181 1369 3248 gra·

115 3245 352 3333 ,meierum
372 3247 524 3314 acciones
547 3246 608 3314 deo
631 3245 766 3329 exibuit,
789 3247 918 3335 *eisque
945 3257 1041 3313 extra
1066 3246 1152 3314 fores
1179 3244 1368 3312 monasterii

12 3346 14 3349 ·
227 3328 364 3396 obvians
386 3330 471 3397 laeto
491 3331 585 3398 fatie:
608 3331 787 3398 ‘Festivum
808 3335 957 3420 tempus’,
979 3333 1095 3421 inquit,
1118 3330 1219 3421 ‘quod
1238 3327 1368 3397 humili·

225 3425 326 3482 tatem
358 3425 502 3482 nostram
534 3417 711 3506 imperium
741 3427 886 3483 vestrum
919 3418 1050 3485 visitare
1080 3417 1194 3505 coegit.
1239 3415 1367 3485 Caritas

249 3512 316 3584 uto,
339 3522 401 3588 que
425 3499 465 3568 de
487 3523 539 3567 me
560 3499 688 3590 palacio
711 3500 845 3589 expulit,
868 3500 1064 3569 filiacionem
1078 3513 1218 3569 vestram
1240 3523 1306 3568 non
1320 3497 1368 3566 ibi
1452 3538 1456 3546 ,

226 3522 285 3652 diu
307 3607 378 3652 esse
401 3586 557 3674 permisit.
603 3584 891 3670 Ofactumbene,
925 3585 1015 3674 quod
1039 3608 1092 3652 me
1120 3584 1367 3688 quamdudum

226 3672 429 3758 promisistis.
475 3668 661 3738 Confratres
684 3672 771 3738 enim
792 3683 825 3738 et
847 3671 1081 3739 commilitones
1102 3694 1177 3754 mer,
1205 3691 1367 3761 supernae

226 3766 352 3821 tanturn
373 3754 600 3843 phylosophye
621 3756 846 3841 incunbentes,
873 3755 1012 3846 qualiter
1032 3759 1244 3845 imperatores
1267 3756 1371 3822 susci·

226 3853 349 3928 perent,
372 3843 567 3928 ignorarent,
598 3842 625 3907 si
654 3865 720 3908 non
746 3865 797 3908 me
826 3843 890 3907 iarn
919 3840 1043 3908 dudum
1072 3839 1296 3930 imperialibus
1318 3841 1367 3906 in·

226 4003 249 4057 a)
267 4006 356 4047 cubilis
371 4008 413 4049 ns.
446 4005 469 4059 b)
485 4007 615 4059 proxiliant
628 4009 648 4049 1.
682 4007 703 4060 r)
715 4009 928 4060 reconpensatione
946 4010 967 4051 1.
1004 4007 1028 4060 d)
1045 4008 1147 4050 {uuum
1157 4007 1331 4052 sarminetum
1344 4009 1366 4048 1.

228 4137 258 4206 1)
278 4140 445 4210 Stephanum
466 4147 493 4194 et
514 4141 722 4196 Constantinum
742 4158 851 4196 mensas
872 4142 1066 4196 accumbentes
1080 4141 1367 4210 comprehensos-osse

227 4220 255 4266 et
274 4220 398 4268 suctores
417 4216 564 4284 Byzantini
590 4224 617 4270 et
635 4218 772 4271 Iohannes
799 4219 929 4270 diaconus
952 4215 1071 4269 madunt.
1149 4212 1179 4283 i)
1198 4215 1319 4270 Primum
1337 4217 1367 4269 in

226 4287 326 4341 Proten
345 4288 461 4343 insulam
480 4298 536 4344 tum
556 4291 627 4346 alius
646 4293 675 4345 in
693 4292 776 4344 sliam
796 4291 922 4345 translati
940 4296 1011 4346 sunt.
1143 4290 1147 4296 ’
