2932 4718
356 245 588 308 LlUDPRANDI
607 245 782 298 LEGATIO.
821 246 941 296 47-60.
1171 246 1223 297 117

79 418 136 499 cis,
159 415 275 482 videor
296 416 442 480 insonus.
485 412 714 501 Obiurgabant
737 414 856 481 Graeci
877 437 977 498 mare,
1000 414 1287 565 imprecaban-m.

77 513 131 568 tur
153 501 297 588 aequori,
321 499 395 588 plus
416 501 501 588 iusto
524 501 689 581 mirantes,
717 521 774 565 cur
796 510 967 588 peccatum
989 498 1047 564 illu
1091 511 1224 588 portare

77 589 231 674 potuerit,
254 608 313 651 cur
333 584 452 651 fretum
467 584 637 651 dehiscens
652 586 763 651 navim
778 607 845 650 non
859 584 1073 652 absorbuerit
1107 586 1224 673 ‘Impe

78 675 239 753 ratorem',
261 671 422 758 inquiunt,
443 668 667 737 ‘universalem
684 669 917 753 Romanorum,
933 681 1118 757 augustum,
1134 694 1224 757 mag·

78 779 177 837 num,
211 755 317 822 solum
349 755 571 841 Nicephorum
609 756 778 843 scripsisse
812 753 1025 838 Graecorum,
1059 755 1225 823 hominem

78 841 242 929 quendam
265 839 452 922 barbarum,
475 853 671 928 pauperem¹
695 840 927 924 Romanorum,
950 863 1017 907 non
1037 842 1161 928 piguit!
1193 839 1224 907 Ο

77 926 218 992 caelum!
258 926 401 991 oterral
436 926 581 990 omarel
628 924 694 992 Sed
717 925 822 1013 quil',
856 926 1019 1014 inquiunt,
1054 926 1223 993 ‘faciemus

76 1010 265 1077 hominibus
294 1011 365 1076 istis
394 1009 567 1093 sceleratis,
595 1010 800 1076 criminosis?
842 1011 1117 1098 Pauperessunt,
1141 1013 1224 1078 etsi

76 1119 133 1163 eos
156 1095 348 1178 occidimus,
371 1117 487 1161 manus
508 1107 635 1161 nostras
657 1097 817 1184 sanguiue
831 1094 889 1161 vili
911 1095 1120 1182 'polluimus3
1144 1105 1336 1184 pan-’nm

73 1183 149 1246 nosi
171 1192 255 1258 sunt,
270 1183 367 1247 servi
390 1193 475 1262 sunt,
503 1182 618 1247 mistici
648 1193 738 1264 sunt3
765 1182 792 1246 si
823 1204 878 1248 eos
909 1179 1129 1269 flagellamus,
1157 1203 1224 1247 non

76 1266 177 1353 ipsos,
203 1266 262 1332 sed
283 1288 343 1331 nos
366 1265 612 1350 dedecoramus,
643 1269 700 1355 qui
722 1289 783 1332 nec
806 1266 954 1333 Romana
977 1267 1102 1332 scutica
1125 1264 1223 1331 deau-

75 1360 156 1432 rata,
184 1373 245 1418 nec
273 1350 460 1416 huiusmodi
488 1361 565 1417 sunt
593 1352 745 1419 crucibus
775 1351 876 1438 digni.
929 1350 959 1418 Ο
989 1353 1113 1417 utinam
1142 1349 1224 1418 alter

77 1439 263 1537 episcopus,
287 1436 368 1502 alter
390 1435 534 1501 marchio
559 1439 657 1502 esset!
677 1435 782 1502 <culeis
798 1439 885 1502 enim
901 1439 973 1518 suti,
996 1449 1072 1524 post
1086 1437 1222 1504 acerbos

74 1544 243 1608 virgarum
265 1522 359 1603 ictus,
383 1534 457 1608 post
479 1521 602 1587 barbae
625 1544 684 1587 seu
699 1520 893 1608 capillorum
910 1522 1165 1604 distractionem,
1187 1523 1223 1587 in

74 1627 165 1672 mare
187 1606 460 1693 demergerentur.
499 1605 565 1671 Sed
588 1605 774 1685 serventur',
798 1608 832 1672 in
857 1608 959 1688 uiunt,
985 1615 1027 1671 ‘et
1051 1628 1222 1695 praeque

75 1692 302 1757 sanctissimus
317 1693 494 1777 imperator
509 1691 731 1756 Romanorum
746 1691 852 1779 Nicep
877 1713 953 1756 orus
973 1690 1053 1757 haec
1070 1692 1224 1758 resciscat

75 1775 171 1857 mala,
194 1778 287 1863 gravi
310 1775 457 1841 custodia
480 1780 700 1843 macerentur.

161 1880 214 1946 48.
248 1879 339 1944 Dum
361 1880 442 1945 haec
465 1881 683 1961 resciscerem,
706 1878 816 1946 fehces
832 1901 897 1960 eos,
921 1881 1078 1966 quoniam
1101 1902 1223 1968 paupe·

74 1986 137 2047 res,
161 1987 213 2030 me
235 1964 407 2048 infelicem,
431 1966 509 2052 quia
530 1965 675 2048 divitem,
698 1964 851 2030 iudicavi.
887 1964 972 2032 Cum
994 1965 1082 2031 domi
1106 1987 1223 2050 essem,

75 2071 150 2116 mea
172 2071 225 2114 me
246 2047 396 2114 voluntas
419 2072 597 2137 pauperem
620 2049 817 2132 excusabam
841 2049 1123 2136 Constantinopoli
1145 2072 1223 2117 vero

75 2135 212 2222 positus,
238 2132 369 2200 Crassi¹
392 2158 444 2200 mc
466 2133 587 2201 habere
602 2135 736 2200 divitias
758 2135 856 2201 tim0r
870 2137 941 2222 ipse
957 2133 1096 2201 dicebat.
1132 2135 1223 2202 Sem-

77 2240 139 2307 per
160 2217 241 2284 mihi
262 2221 437 2368 pauperies
459 2220 578 2307 gravis,
600 2231 678 2286 tunc
700 2221 775 2284 visa
797 2230 847 2286 est
867 2220 958 2302 levis,
981 2229 1060 2284 tunc
1075 2230 1223 2320 accepta,

74 2314 153 2370 tunc
185 2327 262 2391 amp
276 2304 424 2387 ectenda3
457 2303 683 2392 amplectenda
717 2306 765 2370 uti
789 2326 840 2386 ue,
874 2326 958 2392 quae
988 2326 1065 2369 suos
1094 2306 1223 2391 perimi,

76 2387 247 2489 subiectos·
265 2389 327 2455 sibi
349 2388 506 2488 pagellari
528 2412 594 2455 non
617 2392 749 2490 patitur.
815 2401 828 2455 t
849 2391 928 2476 quia
949 2389 1030 2456 haec
1045 2401 1223 2488 paupertas

75 2473 362 2709 gssffiffl}{ffilss
388 2473 492 2540 solum
522 2497 600 2541 suos
622 2488 667 2540 ita
697 2473 858 2558 defendit,
888 2473 1004 2542 eodem
1033 2483 1075 2539 s1t
1103 2473 1223 2539 solum·

159 2647 212 2710 49.
272 2656 360 2730 gitur
381 2643 569 2732 apostolicis
591 2645 712 2709 nuntiis
727 2645 761 2708 in
777 2666 943 2709 carcerem
958 2644 1095 2726 traditis,
1115 2641 1221 2731 publi·

74 2750 159 2794 cana
181 2728 237 2794 illa
258 2752 276 2795 e
301 2728 394 2795 istola
417 2729 602 2816 Nicephoro
625 2731 660 2794 in
681 2730 951 2816 Mesopotamiam
966 2730 1113 2811 mittitur,
1132 2728 1221 2795 unde

74 2836 180 2901 usque
201 2814 244 2879 ad
285 2815 332 2880 ib.
365 2814 445 2880 Idus
469 2814 671 2902 Septembris
692 2836 759 2879 non
781 2826 830 2880 est
844 2836 1004 2896 reversus,
1021 2816 1078 2902 qui
1092 2814 1224 2880 afferret
1233 2835 1297 2888 sept
1314 2838 1350 2882 11.

76 2898 317 2985 apologeticum
339 2901 501 2965 nuntium.
536 2899 610 2981 Qua
634 2899 686 2965 die
709 2920 782 2964 cum
805 2898 943 2981 rediret,
974 2911 1007 2966 et
1028 2923 1080 2966 me
1095 2899 1219 2982 lateret,

75 2993 152 3071 post
167 2982 305 3048 biduum
314 2997 336 3065 ⁰,
353 2985 479 3050 decimo
496 2998 612 3050 octavo
629 2983 751 3049 scilicet
767 2982 929 3050 Calendas
945 2982 1098 3050 Octobris
1110 2997 1132 3065 ¹,
1149 2999 1296 3071 pre-sent·
1314 3000 1350 3041 1⁴·

76 3069 169 3134 cibus
199 3068 456 3157 muneribusque
486 3069 588 3151 effeci,
621 3080 659 3135 ut
688 3068 854 3134 vivificum
888 3079 986 3156 atque
1020 3070 1222 3136 salutiferum

76 3152 248 3219 adorarem
269 3152 411 3241 lignum,
443 3152 501 3219 ubi
522 3164 612 3221 tanto
634 3155 668 3219 in
690 3152 832 3220 tumultu
855 3152 980 3241 populi,
1007 3153 1091 3220 clam
1114 3164 1221 3220 custo·

76 3237 183 3321 dihus,
217 3238 352 3325 quidam
382 3262 434 3305 me
463 3239 629 3323 adierunt,
658 3241 716 3326 qui
744 3248 887 3304 mentem
913 3260 1021 3304 meam
1047 3237 1222 3326 lugubrem

74 3322 204 3389 furtivis
228 3325 432 3391 sermonibus
455 3323 591 3391 hilarem
613 3323 834 3390 reddiderunt.

162 3409 214 3474 50.
259 3409 396 3474 Decimo
450 3411 539 3475 uinto
573 3420 683 3476 autem
717 3407 877 3475 Oalendas
911 3406 1075 3491 Octobris,
1106 3409 1221 3474 mortis
1231 3423 1296 3475 sept.
1313 3423 1349 3465 1²·

76 3492 229 3580 vitaeque
252 3493 390 3575 medius,
413 3431 455 3561 ad
477 3494 634 3582 palatium
656 3517 730 3560 sum
752 3503 961 3560 convocatus.
1007 3491 1159 3581 Cumque
1180 3492 1223 3558 ad

79 3574 307 3665 Ohristophori
336 3580 466 3666 patricii
497 3580 639 3646 eunuchi
666 3580 864 3668 presentiam
893 3579 1057 3660 venirem,
1080 3577 1222 3665 benigne

77 3684 130 3728 me
158 3663 246 3728 susci
271 3665 355 3740 iens,
385 3664 466 3730 mihi
495 3685 571 3730 cum
598 3663 702 3730 tribus
732 3663 805 3729 ahie
835 3665 1025 3730 assurrexit
1073 3661 1223 3744 Quorum

76 3746 210 3814 huiusm
256 3749 263 3763 ⁰
286 3747 348 3814 fuit
368 3750 564 3816 narrationis
585 3749 731 3815 initium:
756 3746 952 3815 ‘Ostendant
973 3745 1089 3836 ‘pallor
1109 3748 1144 3812 in
1167 3768 1223 3813 ore

77 3831 205 3917 sedens,
238 3835 359 3906 macies
389 3835 424 3899 in
454 3856 591 3935 corpore
618 3833 724 3918 toto'³,
758 3834 911 3900 crinitum
945 3842 1061 3921 caput,
1093 3831 1224 3920 prolixa

78 3928 193 3984 contra
213 3940 337 3986 morem
364 3918 476 4003 barba,
505 3941 703 3987 immensum
734 3918 826 3985 cordi
851 3929 908 3984 tuo
938 3919 1045 3985 inesse
1068 3916 1223 4002 dolorem,

77 4080 238 4134 1)(1111110,
301 4084 326 4134 b)
340 4086 371 4125 ita
392 4087 490 4133 cerream
513 4086 619 4134 quintum
636 4085 658 4127 0.
679 4085 716 4124 ced
735 4085 827 4126 codicem
843 4083 874 4125 11.
896 4093 943 4124 noa
964 4094 1016 4125 vero
1032 4083 1061 4128 V.
1078 4083 1159 4135 leviter,
1181 4093 1224 4124 voc

77 4142 175 4184 biduum
192 4144 255 4193 iufra
268 4145 359 4194 probat.
422 4144 443 4196 1)
460 4145 567 4185 btdluum
583 4145 605 4185 C.

78 4275 145 4341 111,
168 4293 193 4329 1.
213 4279 351 4334 Ottouem.
415 4275 445 4343 2)
465 4279 498 4330 In
520 4276 684 4330 exaltatione
705 4279 803 4330 crucis.
862 4273 892 4344 3)
914 4277 996 4330 Orid.
1012 4278 1078 4329 Met.
1097 4277 1135 4339 11,
1158 4277 1222 4330 77⁶.
