2932 4718
234 233 270 287 88
383 233 614 289 LIUDPRANDI
633 231 897 287 meroveum.
935 231 1008 287 LIB.
1029 231 1069 286 ΙΙ.
1106 230 1226 285 rme.

94 406 329 472 ars-esanovis
351 405 400 471 uti
419 401 548 492 legibus
570 403 672 492 cupit.
708 402 820 490 Gopiis
842 401 942 490 igitur
963 399 1109 471 collectis
1129 426 1197 470 non
1217 402 1373 486 minimis,

234 489 464 574 ascendamus3
485 497 743 577 scrutemurque,
764 486 875 555 debita
895 498 1006 554 utrum
1026 510 1088 556 rex
1101 488 1278 558 Heinricus
1293 485 1372 554 velit

233 575 359 644 tributa
379 573 595 664 persolveret
638 569 737 656 Quod
758 573 787 640 si
807 593 882 656 non,
904 581 943 639 ut
964 572 1138 659 credimus,
1158 571 1293 662 regibus
1307 571 1372 639 dis·

234 661 334 744 sentit
353 682 375 726 a
394 660 519 744 ceteris,
546 681 582 725 re
627 680 685 724 um
714 658 784 726 eius
811 657 891 725 cede
920 668 1019 748 atque
1045 659 1201 728 inmensis
1226 659 1373 760 depopu-

232 745 338 814 letur·
358 744 529 812 incendiis.
602 764 645 809 on
665 741 913 832 Begorriorum,
936 742 995 810 sed
1016 741 1198 826 Saxonum,
1226 743 1285 812 ubr
1311 764 1373 812 rex

232 833 303 921 ipse
336 841 395 916 est,
426 829 533 919 primo
563 828 645 896 fines
677 849 891 930 occupemus3
921 838 968 914 ut,
1001 830 1030 896 si
1060 829 1144 898 forte
1187 826 1277 919 quod
1304 851 1373 896 non

232 937 413 1004 speramus,
435 935 632 1004 congregare
654 924 836 981 exercrtum
857 912 945 1000 velit,
966 936 1074 1003 neque
1088 914 1130 984 de
1145 879 1371 1004 irotheringis,

232 1023 340 1090 nsque
361 1002 403 1069 de
423 1001 575 1082 Francia,
596 1020 704 1088 neque
725 998 767 1066 de
790 997 921 1083 Susvia,
942 1021 1049 1088 neque
1076 998 1118 1068 de
1139 999 1312 1089 Reges-ric,
1340 1002 1372 1067 ei

232 1097 360 1154 mature
382 1085 573 1153 cecum-ereb
618 1085 708 1151 ossit.
741 1083 809 1151 Sed
827 1094 862 1151 et
876 1083 1046 1152 Saxonum
1059 1107 1100 1153 ae
1115 1084 1372 1174 Turingioruw

233 1182 322 1273 terra
339 1170 434 1272 chile
456 1169 497 1237 de
522 1191 565 1258 op
620 1179 684 1253 tur,
709 1190 797 1285 quae
822 1191 884 1236 nec
913 1168 1079 1238 montibus
1100 1169 1215 1238 adiuta
1234 1191 1297 1238 nec
1318 1169 1372 1237 fir-

172 1278 387 1408 asamlmdmtas
403 1265 891 1441 quqrfleiqqiequmgqqffiqim
911 1308 1097 1409 valemdim
1118 1339 1283 1409 detinetur
1292 1351 1316 1424 ¹,
1339 1347 1373 1408 et

233 1425 479 1528 Hungariorum
500 1428 531 1493 ei
551 1425 710 1493 adventus
731 1447 881 1514 proxime
899 1426 1077 1493 nuntiatur.
1120 1425 1190 1492 Vix
1211 1423 1372 1492 finetenus

234 1512 436 1579 nuntrantisd
457 1510 557 1579 verba
578 1510 736 1594 audierat,
757 1532 834 1577 cum
856 1510 988 1578 directis
1008 1533 1068 1599 per
1089 1511 1269 1580 Saxoniam
1290 1532 1373 1577 nun·

234 1596 299 1680 tiis,
319 1607 396 1686 post
416 1596 625 1685 quatriduum
669 1606 808 1685 uetquot
833 1605 961 1696 poterat
989 1595 1121 1684 capitali
1149 1595 1311 1665 sententia
1336 1619 1373 1664 se

234 1680 325 1749 adire
348 1679 562 1749 commendat.
603 1617 814 1748 Vedidissimo
842 1681 944 1769 rgitur
969 1703 1030 1770 per
1051 1682 1266 1771 quatriduum
1296 1703 1373 1748 con·

235 1777 370 1855 gregato
403 1767 560 1849 exercitu,
595 1806 635 1817 -
668 1776 717 1833 est
749 1767 836 1833 enim
870 1765 1040 1832 Saxonum
1072 1779 1165 1833 mos‘
1187 1764 1372 1834 laudandus

220 1862 333 1940 ‚atque
360 1851 579 1935 immitandus,
609 1852 761 1940 quatinus
787 1873 909 1917 annum
937 1862 1013 1940 post
1041 1874 1143 1918 unum
1171 1862 1269 1942 atque
1292 1850 1373 1917 duo-

235 1936 401 2004 decimum
411 1938 533 2003 nemini
543 1934 683 2002 militum
692 1935 778 2003 bello
790 1935 903 2004 deesse
915 1939 1082 2024 contingat
1095 1938 1211 2006 -etsi
1225 1937 1372 2026 corporis

234 2021 398 2101 invalidus
415 2021 548 2105 viribus,
571 2023 688 2090 mentis
702 2032 813 2089 tamen
826 2023 942 2123 vigore
958 2024 1131 2106 animatum,
1152 2034 1251 2111 prout
1268 2021 1373 2089 valuit

234 2106 597 2259 ttttttttttt
614 2105 1231 2281 gqungqngqgmqffions
1259 2106 1372 2174 Μ’

277 2277 330 2344 26.
363 2276 490 2344 ‘Inclita
511 2277 680 2344 Saxonum
816 2275 888 2344 Oeu
909 2276 961 2344 leo
982 2275 1158 2345 frendens⁴

363 2361 456 2429 Bella
473 2385 537 2464 per
557 2363 728 2429 innumera
818 2361 908 2429 Gens
931 2372 1001 2430 erat
1022 2362 1110 2429 olim
1168 2369 1172 2381 “

365 2447 497 2515 Restitit
517 2447 578 2515 hec
599 2446 722 2514 Knrolo
816 2447 905 2514 Ense
925 2461 1070 2532 cruento,

365 2532 432 2616 Qui
453 2532 585 2600 sibimet
604 2544 710 2600 totum
817 2531 985 2599 Straverat
1001 2531 1149 2616 orbem‘;

304 2635 320 2687 t
365 2618 478 2706 Fugiit
497 2617 551 2684 hic
572 2618 679 2685 victus
815 2616 932 2683 Victor
952 2618 1106 2706 ubique³.

366 2702 465 2786 Quod
486 2702 548 2769 sibi
568 2724 628 2769 nos
649 2703 778 2770 rediens
817 2700 994 2770 subdiditt
1016 2725 1140 2786 omnes,

313 2840 314 2844 ,
365 2788 406 2854 Id
427 2788 550 2855 domini
571 2789 677 2877 pietas
816 2786 936 2871 Gessit,
959 2785 1001 2855 ob
1022 2786 1086 2855 hoc
1108 2785 1198 2878 quod

366 2872 555 2961 Partioipes·
568 2872 674 2940 voluit
817 2871 900 2940 Esse
922 2871 1047 2940 salutis.

365 2957 461 3024 Nunc
484 2958 569 3024 male
583 2958 767 3024 Turcorum
816 2956 936 3024 Nescia
957 2956 1079 3025 Christi

283 3058 321 3112 to
367 3042 468 3126 Gens,
490 3044 623 3110 inimica
644 3043 715 3126 deo,
819 3042 951 3111 Gaudet
973 3044 1007 3109 in
1029 3063 1159 3109 omnem

364 3127 515 3196 Eclesiae
535 3150 579 3218 po
604 3127 695 3194 ulum
815 3128 947 3194 Ducere
968 3128 1100 3195 ferrum.

364 3214 428 3280 Pro
450 3213 551 3298 dolor,
572 3152 696 3296 Geroes,
817 3213 910 3280 Heus
932 3236 1036 3302 mage,
1060 3211 1149 3302 quod
1170 3233 1259 3279 nunc

366 3296 515 3365 Subdere
536 3311 646 3365 nostra
674 3297 787 3365 volunt
818 3298 909 3364 Colle
931 3296 1069 3365 tributo!

366 3381 492 3450 Sumite
513 3405 600 3450 nunc
621 3386 765 3450 animost
815 3383 907 3451 More
925 3382 1027 3449 virili!

284 3483 320 3535 15
365 3467 514 3534 Membra
541 3491 652 3536 secare
673 3490 790 3557 precor
815 3468 924 3558 Vique
945 3468 1057 3536 ferire!

323 3606 325 3609 .
366 3552 417 3619 Sit
437 3553 528 3619 furor
548 3552 629 3619 heus
651 3553 777 3637 ardens,
816 3552 938 3621 Sancta
960 3576 1002 3621 on
1025 3553 1096 3636 ido;

365 3637 438 3704 Hec
462 3637 602 3726 Stigias¹¹
624 3639 764 3705 referant
814 3638 992 3705 Muneraa
1036 3637 1149 3716 undas,

366 3721 412 3788 Et
432 3722 554 3790 calidos
575 3735 746 3790 numerent
815 3724 895 3811 Igne
923 3724 1082 3791 trientes’!

240 3866 262 3918 a)
284 3869 471 3920 depopopuletnr
496 3873 516 3911 1.
587 3869 610 3922 b)
632 3882 743 3913 occurere
767 3874 787 3913 1.
848 3871 869 3920 e)
895 3872 1054 3922 turingiorum
1076 3871 1097 3913 1.
1161 3868 1184 3920 d)
1210 3870 1324 3911 nuntiata
1349 3871 1369 3911 1.

240 3927 263 3976 e)
280 3939 335 3970 mox
353 3931 372 3968 1.
470 3928 489 3979 t)
505 3933 617 3981 sequentia
632 3942 701 3982 aeque
717 3933 799 3973 civitas
816 3936 851 3972 est
867 3931 958 3972 ormont
973 3933 1042 3981 cupita
1057 3931 1095 3972 4⁰.
1110 3929 1193 3982 mrum,
1210 3929 1292 3970 lacuna
1307 3929 1371 3971 natta

238 3987 337 4028 indicata
353 3989 374 4029 8.
436 3988 458 4040 ς)
474 3989 602 4050 Subbdtdlt
615 3992 636 4032 1.
698 3991 722 4041 h)
739 3992 809 4041 sueta
826 3995 847 4032 1.
861 3991 944 4040 sustu
960 3991 981 4034 t.
998 3991 1039 4032 oa.
1056 3987 1102 4034 ec.

241 4125 269 4188 1)
289 4121 331 4175 Of.
351 4138 433 4192 supra
452 4139 476 4175 c.
497 4122 522 4174 t.
621 4121 651 4190 2)
670 4123 749 4176 Haec
769 4124 804 4177 ad
824 4140 923 4176 anunm
942 4123 997 4175 924
1016 4128 1148 4192 spectant,
1167 4121 1203 4176 cf.
1221 4123 1372 4179 Flodocrdi

239 4198 309 4250 Anu.
329 4195 365 4248 sd
379 4198 408 4250 h.
421 4213 447 4250 a
502 4192 533 4264 3)
552 4198 571 4249 ἰ.
588 4213 612 4250 e.
629 4199 769 4252 excitarit.
825 4196 856 4266 4)
870 4197 912 4251 cf.
926 4196 1032 4252 sedulii
1045 4197 1133 4250 Germ.
1147 4198 1241 4267 pasch.
1255 4198 1372 4261 11,110.

241 4270 271 4336 t)
291 4270 724 4336 ctuhietmerichron.vl1,e.
740 4274 786 4327 53.
862 4269 891 4338 6)
910 4289 937 4324 v.
957 4287 1039 4341 supra
1056 4272 1071 4325 1
1090 4287 1114 4325 c.
1135 4271 1169 4322 26
1190 4289 1216 4326 v.
1236 4275 1263 4327 4.
