2932 4718
261 234 494 290 umbrarum
513 234 777 291 muonosls.
815 235 889 288 LIB.
908 235 957 289 1v.
995 235 1097 290 a-1o.
1216 238 1253 290 83

117 407 259 475 marchio
282 418 360 474 erat
404 403 469 471 Hic
491 405 525 470 in
546 403 705 473 auxilium
731 405 954 473 Beneventani
975 406 1153 495 principis¹
1176 429 1251 474 con·

113 507 162 562 tra
184 492 319 575 Grecos,
353 490 409 579 qui
442 513 517 557 eum
549 489 692 578 graviter
718 490 953 580 obpresserant,
982 490 1072 559 abiit.
1123 491 1251 575 Quibus
1261 512 1314 555 aas.

115 601 187 645 oum
209 577 332 645 bellum
353 575 496 658 inferret,
517 576 654 643 victoria
683 588 733 643 est
761 578 894 664 potitus.
944 574 1038 644 Oon'
1065 577 1088 643 't
1110 575 1251 667 denique

113 663 229 731 multos
253 662 446 745 Grecomm,
467 660 598 727 iamiam
623 683 691 728 non
716 682 797 728 arva
817 662 876 728 sed
898 673 1045 729 mairac
1069 663 1250 748 tinentium,

113 750 199 817 huno
221 749 356 836 cepisse.
401 743 531 830 Quibus
553 744 632 812 dum
659 745 767 812 virilia
791 758 984 834 amputaret,
1011 746 1088 814 talia
1115 749 1251 838 stratigo

113 836 168 924 qui
190 835 238 902 eis
260 843 389 921 preerat
415 832 592 898 nuntiavit:
637 831 811 915 ‘Quoniam
841 830 973 922 quidem
1000 845 1109 900 vestro
1139 846 1251 901 sancto

111 919 298 1008 imperatori
320 915 520 1019 spadonibus
541 914 588 983 nil
609 918 783 1005 pretiosius
806 939 876 984 esse
896 918 1044 1006 cognovi,
1066 916 1126 984 hos
1141 918 1251 985 studui

111 1003 270 1107 pauculos
291 1003 353 1070 aibr
374 1000 558 1113 verecunde
580 1003 809 1088 transmittere,
839 1003 950 1091 plures
973 1003 1166 1092 quantocius
1188 1002 1250 1071 deo

111 1102 253 1242 pmprlqo
274 1100 621 1276 tullddihlldhluddtem,
636 1171 737 1239 immo
751 1196 790 1240 sa
811 1172 964 1274 ienuam,
972 1196 1070 1276 quam
1089 1171 1251 1264 quaedam

111 1272 190 1328 tunc
212 1258 331 1327 muher
352 1271 463 1348 gesslt,
486 1257 539 1324 luc
560 1280 752 1324 moeremus.
834 1280 891 1324 am
913 1281 1000 1326 emm
1028 1258 1081 1328 dre
1108 1257 1251 1349 quadam

106 1346 212 1414 Greci
234 1368 310 1413 cum
331 1346 436 1432 ipsius
463 1353 548 1411 terre
575 1341 762 1410 hominibus
789 1353 883 1410 extra
910 1353 1056 1411 castrum
1085 1342 1251 1434 quoddam

111 1431 153 1498 ad
345 1428 502 1496 adversus
531 1426 738 1496 Tedbaldum
765 1440 981 1496 memoratum
1007 1430 1143 1515 exirent,
1172 1450 1251 1496 non·

110 1454 233 1583 nullia
278 1513 393 1582 eodem
420 1524 495 1580 sunt
521 1515 618 1602 capti.
669 1513 761 1597 Quos
788 1512 868 1580 dum
895 1513 1102 1582 enuchizaret
1129 1536 1251 1605 eosque

110 1603 145 1668 in
167 1599 335 1668 castellum
357 1599 520 1688 dirigeret,
549 1597 666 1667 mulier
694 1597 867 1688 quaedam,
902 1600 1012 1666 mariti
1038 1622 1149 1668 amore
1178 1621 1251 1666 suc·

112 1697 242 1771 censa·,
264 1687 334 1752 eius
378 1707 415 1750 ro
437 1682 593 1752 membris
614 1707 681 1751 non
702 1707 819 1774 parum
841 1681 1005 1769 sollicital,
1027 1686 1133 1774 passis
1154 1686 1250 1752 crini·

110 1772 173 1840 bus
196 1770 238 1840 de
372 1771 511 1851 o*exiit
531 1769 717 1838 furibunda
757 1770 851 1922 (quae
873 1792 949 1838 cum
972 1772 1114 1838 cruentis
1134 1771 1363 1860 ungui-nau.

110 1857 171 1924 bus
195 1879 253 1924 ora
274 1854 483 1944 discerperet,
504 1867 603 1944 atque
624 1866 700 1924 ante
721 1855 770 1923 Te
794 1853 883 1922 baldi
903 1856 1079 1923 tentorium
1101 1855 1251 1924 clamosis

109 1943 249 2011 vocibus
271 1940 375 2009 fleret:
419 1939 518 2025 ‘Quid
540 1962 657 2009 causae
678 1944 736 2008 est’
763 1941 879 2031 inquit
910 1941 1045 2026 ‘muher,
1073 1942 1163 2032 quod
1183 1953 1251 2009 tam

110 2027 235 2095 sonoris
257 2023 396 2093 vocibus
420 2025 596 2114 queraris’?
658 2048 720 2093 uae
743 2067 784 2078 -
807 2027 886 2117 quia
906 2025 1076 2094 stultitiam
1098 2025 1252 2094 simulare

109 2111 191 2197 loco,
212 2110 388 2213 prudentia
409 2133 537 2177 summa
558 2121 629 2262 estll
648 2152 689 2163 -
718 2112 766 2180 ita
791 2134 828 2179 re
870 2112 978 2180 ondit:
1022 2112 1163 2180 ‘Novum
1188 2111 1252 2180 hoc

109 2196 357 2298 inaud1tumque
378 2195 506 2263 facinus
529 2205 586 2275 est,
630 2219 732 2282 eroes,
754 2209 793 2264 ut
812 2197 854 2264 be
877 2220 934 2262 um
954 2220 1021 2265 non
1042 2198 1251 2287 repugnanti·

109 2283 170 2350 bus
192 2280 383 2350 muhenbus
404 2281 560 2349 inieratis.
604 2281 796 2348 Nostramm
822 2280 911 2348 nullu
939 2305 982 2350 ex
1007 2283 1251 2350 Ammonamm

109 2536 226 2607 baldus
240 2504 396 2606 ²diceret:
442 2476 536 2622 ‘Quis
569 2560 627 2605 um
649 2560 726 2604 uam
755 2473 972 2627 mlii&
1000 2537 1097 2606 heros
1166 2547 1252 2605 reter

108 2625 352 2691 Amazonarum
387 2622 604 2713 temporibus,
707 2645 764 2689 um
804 2622 994 2691 muheribus
1029 2561 1169 2692 intulitli
1212 2644 1252 2691 ea

109 2708 291 2813 respondit:
328 2709 437 2793 ‘Quod
468 2708 560 2810 cedo,
582 2708 744 2776 crudelius
765 2707 956 2776 muheribus
977 2708 1099 2776 bellum
1120 2707 1251 2792 inferre,

110 2795 230 2884 quidve
260 2760 497 2861 incommodius
524 2793 575 2861 lus
605 2796 761 2883 potestis⁰
782 2794 920 2877 auferre,
953 2816 1051 2883 quam
1073 2805 1110 2861 ut
1138 2816 1250 2862 earum
1298 2879 1300 2887 Ι

108 2881 186 2948 viris
216 2881 347 2948 certetis
376 2878 536 2946 orchidia*
565 2879 758 2969 amputare?
793 2881 828 2945 in
857 2879 977 2969 quibus
1003 2881 1108 2946 nostri
1136 2878 1269 2946 refoci·
1296 2908 1299 2913 ·

109 2964 186 3033 latio
209 2965 365 3054 corporis,
393 2977 426 3033 et
455 2964 544 3054 quod
573 2966 719 3032 omnium
745 2965 952 3053 potissimum
978 2975 1037 3049 est,
1066 2966 1250 3031 nasciturae

110 3074 124 3117 s
149 3073 183 3118 es
207 3061 297 3118 extat
341 3050 443 3117 rohs'?
486 3050 577 3117 Dum
607 3051 693 3118 enim
723 3072 779 3117 eos
806 3049 1039 3135 eunuchizatis,
1068 3072 1134 3116 non
1162 3048 1250 3139 quod

108 3073 678 3322 ,acerrimaeque
700 3133 1250 3288 declaraturus·

108 3319 218 3375 vestra
238 3329 292 3373 me
315 3317 421 3373 castra
441 3305 533 3373 adrre
556 3304 685 3394 coegit?
706 3303 908 3371 Animalium
930 3306 1052 3396 quippe
1072 3328 1157 3395 quae
1170 3268 1250 3373 mihi

107 3392 230 3461 fecistis
246 3390 419 3480 dispendia
431 3389 544 3475 laudo,
565 3392 724 3458 iacturam
738 3389 823 3456 hanc
836 3400 971 3477 tautam,
991 3401 1060 3458 tam
1074 3389 1250 3475 crudelem,

78 3509 81 3520 ’
107 3474 1016 3652 &ltuithpttllthitiffiltitit’
1033 3475 1248 3645 bituiti&

107 3708 287 3763 alsacensat.
348 3688 514 3763 b)soutts1.'
571 3709 593 3763 e)
609 3711 732 3762 potestatis
748 3711 771 3752 t.
840 3709 849 3722 ·

111 3840 139 3911 1.)
153 3841 294 3909 Landulfi,
307 3844 343 3896 ei.
356 3860 438 3913 supra
452 3844 482 3896 11
497 3859 522 3896 c.
537 3843 581 3896 bl.
610 3843 653 3896 Ex
673 3842 844 3896 Constantini
862 3841 932 3896 libro
953 3841 988 3896 de
1002 3843 1156 3897 cerimoniis
1169 3842 1249 3896 aulae

65 3952 70 3965 r
108 3916 223 3985 Bysant.
234 3917 264 3969 11
279 3934 304 3971 c.
319 3919 357 3971 44
372 3916 412 3988 (p.
423 3917 477 3970 861
492 3917 535 3971 ed
548 3915 663 3984 Beislre)
678 3915 822 3984 discimus,
836 3933 862 3972 a.
882 3917 937 3971 985
956 3916 1139 3988 Epiphanium
1157 3923 1250 3986 proto·

108 3992 276 4060 spatharium
295 4009 313 4046 a
332 3993 456 4046 Romano
475 3994 638 4061 imperatore
657 3993 686 4044 in
699 3990 810 4045 Italiam
829 3994 941 4046 missum
954 4007 1022 4057 esse,
1041 3998 1072 4045 ut
1083 3990 1249 4045 Lsndulium

109 4072 137 4118 et
154 4064 312 4120 hanutum
330 4068 436 4135 stanes,
455 4068 623 4120 waimarum
644 4074 672 4119 et
689 4067 841 4121 waifarum
858 4069 980 4136 itemque
998 4067 1094 4120 iratres
1114 4064 1249 4134 aggrede-

109 4145 183 4193 retur
202 4156 352 4210 omnesqua
371 4144 418 4211 qni
437 4158 454 4195 a
472 4141 528 4195 fide
543 4142 714 4210 imperatoris
737 4140 896 4195 defecerant
919 4142 1065 4195 subiceret
1102 4140 1146 4194 Ad
1167 4155 1249 4209 quam
1339 4135 1341 4143 ⁸

110 4213 311 4284 expeditionem
332 4233 366 4270 ea
385 4232 457 4286 quae
476 4221 573 4270 auctor
597 4222 690 4271 noster
708 4215 755 4269 hic
773 4223 867 4270 narrat
885 4231 946 4271 eum
964 4215 1092 4285 Koaplsio
1111 4216 1248 4284 pertinere

110 4288 282 4343 crediderim.

977 4391 1013 4444 ,.
