2932 4718
187 243 244 296 x11
371 202 420 241 '¹
548 239 756 293 recursura
776 242 962 298 eunome.

189 435 258 478 non
275 432 342 498 pro
367 412 419 476 rio
440 409 550 476 Marte
572 410 613 476 ab
636 432 671 477 eo
693 414 883 499 compositis
908 414 967 480 sed
993 412 1128 478 adina
1161 412 1242 475 ‘nem
1263 427 1328 472 me·

189 507 316 564 trornm
371 497 449 562 aetii
469 493 649 584 dilipenter
734 497 835 562 ressis
863 520 965 587 aeque
992 520 1032 562 ac
1053 496 1088 562 D
1138 494 1328 563 adecanos

184 580 227 650 'S-
260 577 416 656 Quintini
447 581 486 646 in
519 580 661 646 historia
718 584 915 648 ormanniae
942 583 1073 649 ducam.
1126 577 1224 646 Nihil
1249 598 1328 644 vero

191 665 304 748 obstat,
327 666 409 752 quin
432 662 694 751 Lindprandom
716 665 831 751 ipsam
860 666 940 734 hoec
962 666 1116 732 carmina
1136 663 1329 730 condidisse

190 773 250 817 nec
282 749 322 816 ab
357 747 437 817 aliis
468 770 510 814 ca
540 757 728 815 mutuatam
759 771 826 815 esse
858 752 1091 828 coistimemas,
1125 768 1329 836 quamquam
1433 787 1437 791 -

159 848 161 851 ’
190 834 427 936 Bnedinperns
449 855 492 899 ar
537 835 655 898 mentis
674 834 787 900 minuc
808 835 970 923 praeibas
990 843 1187 923 repugnate
1388 890 1400 916 „

84 933 182 990 wass.
275 918 392 986 *Libri
405 917 473 983 Lia
492 917 629 1004 prandi
649 940 794 1006 quonam
805 917 887 1004 foto
905 921 944 986 in
960 917 1327 986 Germaniamdcoene·
1383 965 1411 978 .-

190 1005 271 1085 rint,
293 1004 386 1071 hand
404 1003 508 1090 plane
530 1011 666 1068 constat.
703 1001 863 1069 Libellum
886 1004 925 1070 dc
946 1003 1110 1092 lepotione
1126 1001 1275 1070 Treuiris
1289 1002 1328 1068 in

191 1087 385 1156 bibliotheca
407 1086 594 1154 cathedrali
612 1096 777 1174 repertam
798 1087 977 1154 Broaeras
999 1087 1176 1175 descripsit
1195 1095 1225 1152 et
1247 1084 1328 1152 Wal-

190 1195 263 1241 sero
283 1174 383 1255 misit,
406 1174 465 1260 qai
486 1194 559 1237 eam
581 1194 655 1238 cnm
672 1168 809 1238 Canisio
831 1173 1104 1256 connnnnicaoit;
1126 1194 1199 1237 eum
1220 1171 1235 1236 i
1258 1171 1329 1235 itor

192 1267 253 1324 ant
274 1258 316 1323 ab
337 1256 510 1324 Ottonibas
534 1265 594 1320 out
613 1255 653 1322 ab
669 1255 855 1323 Adelheida
875 1259 1086 1345 imperatrice
1107 1279 1143 1322 co
1164 1265 1218 1321 tro
1244 1257 1328 1320 itam

192 1343 332 1430 opinari
352 1340 436 1408 licet.
480 1339 708 1427 Antapodosis
730 1363 856 1429 qaoque
877 1351 907 1409 et
928 1343 1070 1408 historia
1098 1339 1236 1422 Ottonis,
1259 1362 1329 1406 ono

192 1428 302 1494 codice
324 1425 542 1512 conscriptae,
570 1427 682 1490 statim
702 1427 741 1493 in
764 1424 981 1494 Germaniam
1004 1433 1240 1513 peruenerant,
1270 1424 1329 1490 sed

137 1571 145 1580 .
213 1534 337 1578 aonam
365 1509 460 1577 modo
484 1509 590 1596 plane
618 1512 791 1576 incertum.
841 1510 934 1576 Nom
962 1533 1095 1598 apopra
1120 1511 1165 1576 ha
1197 1507 1329 1575 saeculo

192 1535 316 1664 biano
339 1605 369 1661 et
388 1595 563 1660 andecimo
583 1593 664 1659 inde
677 1597 715 1661 in
732 1592 919 1661 Germania
929 1594 1043 1682 facta,
1119 1595 1329 1660 onheimense

193 1705 233 1746 ac
256 1679 496 1761 Gemblacense,
519 1688 549 1744 et
576 1677 825 1781 Oderburpense
854 1679 981 1746 saecrdi
1007 1618 1203 1761 doodbcimi,
1234 1687 1329 1744 aota-

192 1764 362 1854 prapham
377 1765 535 1850 primum-
547 1765 585 1828 in
609 1762 732 1829 diocesi
754 1763 810 1830 Mo
835 1767 958 1830 antina
982 1773 1042 1830 ant
1058 1764 1245 1830 Trcrirensi
1267 1761 1328 1827 ad·

193 1858 367 1931 seruatam,
390 1847 469 1913 inde
489 1870 564 1913 uero
579 1847 773 1935 Frisinpam
796 1787 941 1914 dblotom
951 1847 1077 1936 faisse,
1092 1847 1197 1932 fidem
1210 1847 1330 1934 facere

188 1943 326 2022 possent
333 1955 346 2015 ,·
369 1934 425 1998 cai
446 1932 576 2020 quidem
598 1935 777 1999 sentcntiae
799 1932 1049 2017 confirmandae
1072 1933 1198 1998 adduci
1206 1940 1330 2018 posset,

194 2018 283 2107 qaod
309 2017 392 2098 Otto,
414 2017 643 2104 Frisinpensis
669 2019 854 2104 episcopas,
883 2019 921 2083 in
952 2018 1105 2084 chronico
1131 2039 1191 2082 sao
1214 2038 1329 2103 qnam-

188 2103 375 2191 plarimam
388 2101 571 2189 Rapinone,
593 2103 727 2168 minime
748 2125 824 2168 uero
839 2102 1060 2189 Liadprando
1075 2125 1158 2167 aeas
1171 2112 1228 2168 est.
1262 2099 1331 2166 Sed

199 2187 271 2255 Otto
283 2187 435 2274 fortasse
450 2187 643 2272 scriptorem
657 2186 698 2252 ob
713 2186 914 2253 luithehardo
929 2186 1112 2273 enpilatnm
1127 2186 1331 2260 verecundia

193 2273 366 2339 Romanae
387 2270 540 2337 ecclesiae
555 2269 795 2358 neplependnm
810 2270 918 2353 dor-nit,
941 2281 971 2336 et
992 2273 1071 2337 eins-
1087 2293 1167 2337 aero
1183 2270 1329 2336 codicem

177 2359 232 2423 'in
259 2356 453 2422 bibliotheca
481 2354 694 2442 Fris-inpensi
721 2356 928 2422 reconditam
946 2354 1072 2438 faisse,
1103 2365 1133 2422 et
1152 2357 1331 2441 inscriptio

166 2477 168 2480 ⁴
194 2441 320 2508 caecidi
333 2439 410 2506 XII.
432 2439 482 2505 uel
502 2439 560 2508 XI.
583 2449 613 2504 et
632 2440 725 2505 locas
746 2440 884 2527 quidam
903 2464 926 2505 a
940 2441 1126 2528 Rapewino
1148 2440 1331 2505 landatns¹

195 2535 344 2592 testatur.
387 2524 498 2613 Ipitnr
519 2547 577 2590 nec
600 2546 712 2590 eornm
734 2527 913 2590 sententiae
936 2526 1106 2608 adversor,
1150 2526 1188 2590 ai
1209 2522 1332 2589 librum

197 2610 237 2677 ab
260 2608 453 2675 Abrahamo
476 2610 630 2694 episcopo
648 2608 862 2696 [thisinpcnsi
876 2608 1087 2695 (sot-992),
1137 2608 1332 2695 iadprandi

196 2692 331 2782 aequali
368 2702 464 2780 atone
492 2696 531 2759 in
561 2692 773 2758 conuentibus
800 2693 957 2760 Romano.
979 2697 1065 2760 anni
1096 2692 1159 2760 969
1190 2692 1332 2794 aliisque

194 2781 300 2861 socio,
330 2799 424 2864 quem
453 2777 614 2843 bonoram
640 2776 802 2843 librorum
829 2779 1013 2845 studiosam
1039 2778 1120 2844 libri
1141 2781 1238 2843 iussn
1260 2798 1332 2842 einr

195 2864 314 2949 scripti
335 2860 559 2948 comprobant,
580 2861 792 2949 Ibrisinpensi
806 2862 1015 2929 bibliothecae
1026 2862 1179 2948 fortasee
1199 2860 1332 2928 illatam

184 2947 299 3035 faisse
312 2949 521 3032 opinantem&
555 2945 629 3011 Una
640 2970 714 3012 cnm
725 2947 864 3036 reliquis
875 2946 971 3013 libris
983 2946 1255 3034 Frisinpensibus
1271 2969 1330 3012 no·
1435 3011 1438 3016 .

196 3042 263 3097 stro
279 3029 581 3097 aero‘bibliothecae
591 3033 705 3118 repiae
717 3033 916 3098 Monacensi
926 3034 1131 3097 commissam
1142 3032 1190 3097 ibi
1202 3055 1233 3096 a.
1249 3030 1331 3097 1833

194 3117 338 3182 lustravi
359 3125 387 3180 et
410 3139 441 3180 a.
466 3113 727 3181 183913cr0ttm·
748 3118 867 3182 iterans
889 3117 1022 3182 contuli.
1066 3116 1167 3182 Nunc
1191 3117 1332 3202 denique

195 3199 424 3267 Daemmleras
440 3199 571 3266 Halmii
585 3200 879 3267 benevolentissimi
893 3200 1103 3267 bibliothecae
1119 3201 1332 3266 Monacensis

190 3283 364 3372 praesidis
389 3287 555 3371 perscissa
582 3285 725 3350 codicem
753 3285 854 3350 Halis
882 3309 955 3351 cam
982 3286 1124 3351 editione
1152 3285 1332 3352 Pertciana

196 3368 626 3458 comparamsstpaacnlaqae
637 3371 790 3436 corrodit.
822 3369 863 3436 Si
886 3373 970 3436 nari
981 3393 1053 3436 eam
1065 3392 1201 3435 numero
1208 3371 1331 3456 primo.

284 3455 317 3540 1)
343 3453 376 3522 C·
397 3475 466 3541 rep.
489 3454 700 3532 Monacensis
728 3454 786 3520 lot.
873 3455 893 3519 8
917 3457 1036 3541 optimo
1066 3456 1141 3520 inre
1166 3457 1254 3522 inter
1278 3453 1330 3522 Oc·-

199 3645 228 3714 1)
241 3647 487 3714 Untersuc'huugen
500 3655 547 3698 tur
561 3647 669 3699 mittier.
684 3647 782 3700 Gssch.
797 3647 819 3711 1,
834 3646 991 3699 suo-2³6.
1013 3646 1170 3700 ibi-258.
1191 3647 1233 3700 cf.
1248 3647 1333 3702 Gesta

197 3721 357 3788 Berengurii
376 3723 440 3789 imp.
460 3719 569 3787 Prolog.
589 3738 613 3773 r.
636 3722 685 3773 13:

384 3795 496 3856 Desine,
516 3810 587 3846 nnnc
607 3797 708 3847 etenim
727 3794 817 3850 nullus
837 3801 885 3848 tus
904 3797 1024 3848 cornino
1044 3801 1128 3858 curat,

422 3869 500 3920 Haec
518 3868 622 3920 fuciunt
640 3870 708 3931 urbi,
728 3870 798 3922 hese
818 3887 926 3938 quoqne
946 3887 1006 3922 rnre
1024 3872 1084 3922 viri.

199 3942 229 4010 2)
248 3943 312 3996 Ant.
332 3943 344 3994 1
364 3958 389 3995 c.
409 3943 454 4003 37,
480 3942 513 3994 cf.
534 3943 691 4009 Rugeuini-
703 3943 788 3997 Gcets
807 3943 942 3997 Friderici
962 3945 1006 3996 111
1026 3961 1051 3998 c.
1071 3943 1121 3994 33:
1142 3943 1230 3995 Huius
1250 3944 1289 3995 rei
1309 3946 1332 3996 ei

198 4017 259 4084 quie
279 4017 405 4084 exemplo
424 4016 572 4082 desiderat,
590 4015 625 4067 ed
638 4017 830 4085 Leoprendum
851 4020 898 4085 qui
916 4026 994 4085 geete
1007 4016 1250 4083 Langobardorum
1269 4018 1334 4069 snb·

198 4093 316 4153 notarit,
346 4097 475 4143 recurret.
550 4090 580 4158 3)
609 4090 651 4143 cf.
675 4108 701 4143 r.
726 4091 853 4159 Dellius,
879 4092 1088 4158 Bemerknngen
1113 4092 1182 4143 iiber
1206 4090 1250 4142 die
1277 4091 1333 4144 alte

198 4165 378 4217 Hsndechriit
407 4164 455 4216 dee
485 4164 653 4233 Liutprrnd,
682 4167 784 4218 Archiv
811 4167 854 4218 nir
883 4165 967 4218 ulcere
997 4164 1127 4218 deutsche
1157 4165 1333 4219 Gsschicbte·

198 4237 291 4291 kunde
311 4238 363 4300 111,
385 4239 446 4289 127.
