2932 4718
260 261 297 316 58
410 259 643 316 LIUDPRANDI
661 258 926 314 meroveum.
963 259 1038 314 nm.
1057 260 1096 314 11.
1135 259 1256 312 70-78.

212 439 249 482 ⁹²
346 433 399 500 70.
430 431 494 498 His
515 428 664 520 expletis,
685 451 822 497 aureum
843 452 909 496 non
936 431 1029 519 parvi
1057 429 1211 519 ponderis
1242 415 1401 518 peculum

258 539 319 586 rex
348 518 380 584 ei
406 517 566 606 porrexit,
597 524 696 604 atque
726 513 911 583 subiunxit:
953 515 1096 582 ‘Amoris
1125 514 1303 604 salutisque
1332 514 1401 580 mei

141 627 145 636 ·
260 623 360 670 cause
381 590 469 692 quod
490 602 674 668 continetur
704 599 848 684 bibito¹3
870 599 960 690 quod
974 602 1127 686 continet,
1149 599 1288 668 hebeto'.
1310 597 1400 668 Vere

259 690 317 841 qni
340 709 382 777 pe
410 697 444 754 et
469 685 594 775 ubsque
614 650 826 774 amhiguitate
855 697 930 838 plost
950 698 1065 788 potum
1085 686 1287 788 introivitoip
1306 682 1401 786 illum

96 871 148 918 tou
163 873 200 938 ss,
212 796 334 927 oreis
356 769 736 946 Ohristlusoddiilidd(illl1
735 881 745 924 ι
757 769 863 939 (ἓξὲξ
882 771 959 946 3ss
970 770 1136 925 lhocdlslllhi
1151 772 1403 924 luonndullnddidl

110 980 120 991 ν
258 944 295 1010 in
314 940 408 1010 illum
429 939 610 1010 Sathenas’.

345 1048 396 1114 71.
430 1045 588 1114 Beneficii
620 1044 743 1146 quippe
775 1044 922 1132 preteriti
954 1055 987 1112 et
1022 1046 1183 1134 presentis
1216 1045 1401 1128 immemor,

258 1134 442 1201 insomnem
468 1129 559 1197 illam
583 1132 674 1220 regis
700 1151 736 1196 m
755 1151 872 1197 necem
899 1127 1039 1218 populos
1060 1131 1245 1219 instigando
1266 1127 1403 1219 pertulit

146 1237 187 1294 ’γ
197 1241 249 1284 sos.
258 1227 398 1308 noctem.
440 1215 513 1284 Rex
526 1225 622 1283 nocte
636 1213 702 1299 illa,
723 1212 999 1304 quemadmodum
1013 1226 1046 1283 et
1059 1215 1173 1284 solitus
1188 1227 1267 1300 erat,
1288 1215 1409 1288 *iuxta

259 1300 432 1369 aeclesiam
465 1324 532 1368 non
551 1301 587 1367 in
608 1300 707 1368 domo
730 1321 815 1389 quae
844 1299 975 1368 defendi
1024 1311 1127 1386 osset,
1155 1300 1214 1369 sed
1242 1301 1278 1367 in
1304 1309 1426 1390 tugu·'

258 1385 339 1455 riolo
362 1349 506 1478 quodum
526 1386 680 1454 manebat
700 1385 939 1466 amoenissimo.
983 1323 1050 1454 §led
1071 1398 1104 1454 et
1126 1386 1276 1454 custodes
1303 1395 1401 1454 nocte

259 1472 375 1540 eadem
395 1494 463 1539 non
482 1483 646 1559 posuerat,
666 1469 768 1537 nichil
789 1471 959 1561 suspicans
982 1471 1080 1538 etiam
1102 1471 1189 1538 mali

192 1579 248 1634 (so.)
302 1557 345 1625 Se
388 1559 508 1624 rimum
530 1557 679 1647 quatiens
698 1557 815 1645 strepit
843 1577 871 1618 so
886 1555 961 1622 Hoc
984 1556 1064 1645 quid
1085 1558 1191 1625 visere
1223 1559 1279 1641 sit3
1309 1555 1402 1624 videt

303 1641 334 1709 G
378 1665 428 1726 us,
451 1665 527 1708 cum
547 1641 663 1730 vigiles
684 1641 764 1708 facit
886 1643 1037 1708 Armatae
1059 1641 1201 1728 militum
1223 1663 1351 1709 manus.

302 1727 467 1812 Mortales,
488 1726 582 1794 solito
604 1737 698 1793 sonat
884 1724 1108 1793 Flsmbertum
1130 1739 1227 1795 vocet
1247 1727 1386 1795 eminus.

301 1813 346 1879 Et
366 1813 495 1903 pulsata
516 1811 576 1879 deo
600 1813 687 1879 canit
885 1810 986 1894 ‘Quid
994 1812 1088 1879 turbe
1101 1817 1168 1897 est’,
1181 1815 1237 1896 ait,
1252 1818 1305 1879 ‘en
1314 1811 1400 1880 bone

238 1924 240 1928 ¹
275 1898 374 1964 elam
396 1909 473 1964 tunc
496 1918 597 1963 aenea
617 1894 778 1981 machina,
885 1896 1402 2049 Vhlqmdnmepopmmeupit

300 1983 487 2072 Invitatque
508 1982 628 2049 docens
650 1981 733 2050 bene
843 2000 871 2043 2⁵
887 1980 1042 2049 Armatus
1063 1983 1205 2051 referens
1228 1986 1353 2050 manus'

301 2067 503 2136 Loethenm¹
526 2089 625 2155 grave
650 2090 813 2157 spernere,
884 2066 1080 2156 Respondit:
1103 2069 1256 2137 ‘Vereare
1277 2066 1335 2134 nil.

180 2229 182 2235 ¹
301 2152 432 2221 Laudes
453 2152 531 2218 huic
552 2151 650 2220 modo
667 2152 813 2238 reddere,
885 2151 934 2218 Te
955 2175 1022 2219 non
1042 2163 1079 2219 ut
1100 2153 1262 2242 perhimat
1283 2155 1362 2238 nsit,

302 2237 369 2322 Qui
389 2237 491 2304 vitam
512 2237 635 2320 tribuit,
658 2236 749 2305 dedit
886 2236 953 2304 Sed
974 2261 1120 2327 pugnare
1141 2238 1246 2308 libens
1269 2240 1362 2328 cupit

262 2345 290 2387 ro
306 2323 352 2390 Et
370 2322 465 2389 nobis
487 2344 643 2411 superam
664 2323 747 2390 bene
858 2386 860 2390 ,
885 2321 959 2388 Hac
980 2345 1055 2390 cum
1076 2335 1179 2412 purte,
1201 2335 1295 2392 tuum
1316 2325 1401 2413 petit

226 2415 229 2423 ’
304 2406 615 2498 Sanctamsquerere
636 2409 792 2495 patriam3
843 2427 871 2469 so
886 2407 967 2474 Mox
990 2411 1046 2498 qui
1068 2408 1179 2478 tollere
1199 2407 1370 2498 spiritum’.

73 2544 75 2547 v
99 2514 172 2557 ἰο.
187 2518 250 2557 une.
301 2491 382 2559 Hic*
405 2515 465 2560 rex
486 2491 638 2560 eclesiam
659 2494 749 2580 petit,
886 2491 979 2560 Dece
1003 2507 1056 2562 tus
1076 2506 1232 2596 properat
1252 2495 1318 2561 fide

301 2578 353 2644 Ac
374 2577 488 2645 laudes
509 2578 641 2645 domino
663 2579 760 2645 canit
886 2577 958 2644 Rex
979 2517 1051 2664 heo,
1073 2603 1108 2646 m
1129 2579 1254 2647 medios
1277 2579 1383 2660 simul,

301 2662 508 2731 Flambertus
545 2685 701 2752 roperans
714 2661 813 2748 volat,
885 2661 987 2728 Tumb
1009 2675 1125 2816 captus
1146 2664 1231 2732 male
1252 2665 1398 2751 dueitu'r3

261 2773 289 2815 se
302 2749 501 2902 gnosumm
536 2745 677 2815 tasimul
687 2771 812 2831 manus,
884 2747 1029 2817 Atero
1073 2771 1138 2817 unc
1159 2749 1233 2817 ferit
1254 2750 1377 2852 impius
1439 2815 1442 2821 .

213 2856 215 2860 ·
336 2844 349 2900 t
369 2857 480 2922 regem
501 2833 663 2922 perhimat
679 2831 812 2900 bonum.
842 2771 1072 2922 ³⁶R0mpl1ee3
1096 2835 1184 2902 cedit
1203 2836 1268 2903 heu
1288 2857 1364 2925 prus
1374 2847 1397 2921 ¹,

144 2941 212 2995 spru
228 2942 249 2983 r.
303 2920 375 2986 Rex
395 2919 512 2985 horum
532 2917 614 3007 vigil
637 2919 770 3002 inscius,
884 2916 1092 3009 Felicemque
1113 2943 1210 2987 suum
1232 2919 1294 2988 deo

302 3003 405 3072 Audit
419 3004 498 3071 dum
512 3005 692 3092 strepitum,
714 3002 814 3071 nichil
885 3002 1101 3072 Commendat
1121 3007 1175 3095 pie
1197 3007 1349 3094 spiritum
1358 3008 1368 3071 l

302 3089 507 3173 Formidans,
527 3100 682 3178 properat
703 3091 798 3174 citus,

346 3213 397 3283 72.
441 3212 593 3301 Denique
635 3234 734 3314 quam
775 3212 981 3279 innocentem
1022 3234 1058 3278 su
1082 3214 1214 3281 uuinem
1255 3214 1398 3282 fuderint

261 3307 485 3387 quantumque
516 3319 661 3385 perversu
692 3319 846 3386 perverse
878 3298 1012 3382 egerint,
1048 3320 1090 3364 no
1114 3301 1142 3365 is
1175 3299 1396 3383 reticentibus,

260 3380 344 3470 lapis
376 3392 451 3449 ante
484 3382 654 3449 cuiusdam
686 3380 843 3450 aeclesiae
871 3383 1003 3448 ianuam
1034 3385 1169 3472 positus,
1203 3385 1397 3473 sanguinem

261 3467 331 3533 eius
351 3468 592 3535 transeuntibus
614 3468 740 3534 cunctis
763 3466 935 3534 ostendens
959 3469 1112 3535 insinuat
1155 3468 1252 3536 Nullo
1275 3471 1396 3559 quippe

261 3550 424 3619 delibutus
446 3573 661 3643 aspersusque
681 3551 810 3641 liquore
832 3552 979 3618 discedit.

348 3675 398 3742 73.
442 3674 607 3743 Nutrierat
628 3675 691 3742 sibi
712 3699 772 3742 rex
794 3677 1012 3764 Berengarius
1031 3675 1232 3742 familiariter
1244 3674 1397 3766 lauteque

261 3761 435 3843 iuvenem,
456 3761 555 3826 immo
585 3760 716 3828 heroem
769 3762 920 3845 uendam,
953 3760 1032 3828 Milo
1065 3763 1206 3843 nomine,
1238 3763 1396 3829 memoris

262 3847 339 3911 satis
361 3867 401 3912 uc
422 3844 518 3913 laude
541 3845 687 3933 dignum.
761 3850 836 3913 uius
866 3849 892 3912 si
914 3869 973 3913 rex
1002 3847 1102 3913 fretus
1125 3845 1267 3912 consiliis
1300 3857 1396 3930 esset,

261 3930 406 3997 fortunas
428 3930 492 3997 sibi
514 3954 624 3998 omnes
645 3955 712 3998 non
732 3942 859 3999 tantum
880 3932 1046 3999 adversari
1069 3932 1210 4015 sentiret,
1234 3933 1297 3997 nisi
1319 3934 1397 4022 quia

263 4095 287 4148 ι)
303 4095 370 4139 llbtto
388 4100 407 4139 1.
422 4108 465 4148 pro
481 4097 554 4139 libato
570 4095 599 4152 (ἲ)
614 4097 648 4138 sel
662 4096 744 4140 bibito.
805 4096 829 4150 b)
845 4098 911 4139 'runc
928 4097 970 4140 lu.

264 4229 294 4298 1)
313 4233 332 4284 i.
352 4247 377 4285 e.
396 4248 528 4297 somnum,
550 4232 584 4286 cf.
604 4234 618 4284 I
637 4247 663 4284 c.
684 4232 728 4285 1¹2.
780 4231 810 4300 2)
826 4226 972 4298 Necrolog.
991 4231 1176 4286 Modiciense:
1199 4233 1261 4286 VII.
1275 4233 1318 4286 ld.
1332 4235 1397 4304 Apr.

264 4306 332 4358 obiit
350 4307 532 4376 Berengarius
551 4309 697 4377 imperator
716 4322 786 4360 anno
806 4308 841 4359 sb
861 4307 1049 4360 incarnatione
1069 4307 1133 4359 924.
