2932 4718
255 239 309 291 rso
448 224 451 228 ’
552 235 785 291 umbratam
804 234 979 290 naama.
1019 233 1101 286 s-a.

191 427 389 476 masuerum
411 409 489 495 iugo
512 429 617 496 usque
639 405 682 472 ad
701 429 836 495 presens
858 407 972 490 exiret,
994 405 1022 472 si
1039 427 1116 489 non,
1137 404 1299 470 immensa
1317 400 1400 471 data

149 486 205 531 ¹⁸⁸·
222 487 402 585 '’pecnnia,
424 493 609 560 Romanos·
621 493 808 580 imperator
827 492 930 559 nostri
946 492 1034 580 regis
1048 489 1200 579 Hugonis
1214 489 1397 557 amicitiam

155 607 157 611 ’
254 590 406 649 emeret1.
450 577 495 644 Et
514 576 595 645 baec
616 597 717 644 causa
737 577 808 662 fuit,
830 577 919 667 quud
940 577 1053 666 nepoti
1072 596 1132 643 suo
1154 585 1187 643 et
1199 575 1394 665 aequivoco,

253 666 341 754 regis
362 664 474 748 nostri,
495 661 642 731 eiusdem
663 660 825 752 Hugonis,
855 663 1001 752 spuriam
1022 663 1096 728 coni
1143 662 1173 729 ‘c
1195 658 1396 750 copulavit’.

195 763 197 767 “
253 749 308 834 Et,
329 760 367 817 ut
389 747 568 833 comidero,
591 747 723 815 domino
745 770 818 816 meo
840 770 907 815 non
926 747 1067 839 gratim
1088 771 1104 815 s
1164 746 1396 837 impotentiam

254 832 401 919 meribis,
424 833 608 986 mpod
628 833 742 902 Italiae
764 856 823 901 seu
836 834 961 902 Romae
976 833 1224 923 acquisitionem
1236 841 1287 900 tot
1298 831 1397 900 annis

254 941 327 988 eam
348 919 409 989 tibi
527 920 599 988 erit.
643 918 840 988 Societatem
860 942 939 988 vero
960 919 1134 1003 amicitiae,
1159 939 1259 1009 quam
1280 927 1316 985 te
1335 924 1435 1007 psi·

252 1004 377 1075 rentela
395 1005 537 1074 volitisse
558 1004 666 1073 facere
688 1003 780 1089 dicis,
800 1003 949 1072 fraudem
962 1026 1023 1071 nos
1037 1003 1214 1094 dolumque
1227 1014 1395 1088 tenemus3

112 1095 438 1183 ‘hamptunam'
460 1091 576 1180 exigis,
597 1114 679 1182 quas
701 1112 762 1158 nec
783 1101 856 1158 tee
883 1092 891 1106 ’
934 1113 972 1158 re
997 1112 1105 1179 neque
1128 1111 1191 1156 nos
1213 1086 1395 1157 concedam

253 1177 335 1245 ratio
357 1177 431 1266 ipsa
451 1174 626 1266 compellit.
653 1176 857 1264 1Verumut
975 1176 983 1192 ⁰
1026 1174 1245 1264 exsculpatur,
1272 1175 1395 1243 verim

252 1283 321 1329 non
341 1263 531 1330 reticeatur:
556 1262 646 1328 misit
673 1283 727 1329 me
753 1261 904 1329 dominus
933 1283 1025 1329 mens
1047 1261 1090 1328 ad
1111 1271 1154 1344 te,
1182 1271 1221 1329 ut
1240 1260 1270 1327 si
1290 1258 1395 1329 filiam

162 1346 165 1352 ⁴
253 1346 393 1415 Romani
423 1347 627 1435 imperatoris
659 1358 693 1415 et
722 1345 963 1436 Theophanesb
995 1347 1226 1437 imperatricis,
1259 1345 1395 1415 domino

253 1454 328 1500 mec
354 1431 431 1514 ‚filio
467 1454 537 1516 suo,
573 1432 687 1501 Ottoni
722 1433 910 1523 imperatori
945 1443 1097 1521 augusto,
1132 1433 1168 1499 in
1203 1433 1395 1520 coniugium

253 1517 382 1586 tradere
403 1516 556 1602 volueris,
577 1518 759 1586 iuramento
779 1518 860 1585 mihi
880 1517 1033 1602 affirmes,
1055 1528 1088 1586 et
1106 1539 1178 1606 ego,
1199 1538 1261 1608 pro
1275 1520 1397 1607 gratis·

253 1625 329 1670 rum
359 1605 661 1691 recompensatione
693 1603 774 1671 haec
811 1616 844 1671 et
874 1603 956 1672 haec
990 1603 1160 1671 dominum
1191 1624 1301 1670 meum
1333 1602 1396 1672 tibi

253 1688 417 1756 facturum
445 1700 478 1756 et
507 1687 764 1773 observaturum,
795 1687 1002 1756 iureiurando
1035 1686 1216 1755 affirmabo.
1260 1687 1329 1757 Sed
1361 1700 1397 1759 et

255 1775 413 1862 optimam
434 1775 595 1857 amicitiae
616 1772 814 1841 arabonam⁰
835 1774 1028 1849 fraternitati
1048 1786 1124 1842 tuae
1138 1796 1226 1840 nunc
1241 1774 1397 1843 dominus

254 1881 347 1926 meus
377 1857 522 1943 contulit,
556 1881 629 1925 cum
661 1859 839 1948 Apuliam
872 1883 1002 1927 omnem
1034 1860 1189 1950 potestati
1218 1859 1396 1946 subditam,

254 1966 328 2012 meo
350 1945 545 2028 interventu,
575 1946 668 2011 cuius
693 1882 758 2013 loc
786 1947 995 2034 suggestione
1024 1943 1146 2011 malum
1171 1943 1295 2011 factum
1323 1968 1397 2014 esse

253 2029 368 2182 ffiqisd.
412 2027 516 2096 Cuius
536 2031 584 2096 rei
605 2039 653 2096 tot
674 2041 749 2098 sunt
769 2041 877 2115 testes,
908 2041 988 2119 quot
1013 2039 1089 2097 sunt
1109 2030 1208 2098 totius
1229 2029 1397 2121 Appuliae

319 2116 462 2183 itatores.

40 2203 48 2217 ⁰
141 2225 151 2248 .
339 2202 354 2229 *
409 2199 441 2242 F·
573 2202 579 2231 ³
613 2201 621 2216 ⁰
693 2201 700 2215 ·
762 2202 770 2218 ·
906 2196 909 2201 ’
966 2208 975 2242 s
1072 2202 1080 2217 ⁰
1240 2200 1261 2217 ¹·
1285 2225 1294 2243 .

158 2229 241 2284 ²⁸⁴⁹·
254 2201 386 2369 amai
406 2199 717 2373 iiiiiitiiiuet
729 2199 1398 2370 {archiantistitem

253 2370 352 2525 ipsqui
373 2392 518 2487 agamus.
564 2369 686 2438 Contra
707 2373 796 2455 haec,
820 2394 895 2464 curn
919 2384 1115 2462 oportunum
1133 2370 1240 2458 fuerit,
1261 2395 1398 2464 respon·

277 2477 423 2523 armus.
1111 2492 1115 2497 ·

289 2620 292 2626 ἕ
340 2543 371 2608 9.
404 2540 479 2608 Non
503 2543 623 2631 'pigeat
654 2565 722 2626 me,
755 2567 778 2610 π
802 2544 941 2610 silaceis
972 2545 1078 2631 ipsam
1110 2542 1330 2629 describes-0⁸,
1363 2554 1399 2612 et

255 2626 404 2694 dominos
443 2649 549 2711 meos,
585 2627 707 2699 audire.
794 2631 1009 2716 egotiatorum
1048 2627 1222 2696 multitudo
1259 2650 1299 2696 co
1323 2628 1397 2697 iosa

254 2710 513 2800 ignobiliumque
532 2735 754 2802 personarum,
776 2735 815 2781 ea
837 2712 1083 2802 sollempnitate,
1106 2713 1253 2798 collecta,
1324 2736 1396 2783 sus·

255 2798 438 2886 ceptionem
460 2809 494 2865 et
513 2796 645 2865 laudem
665 2798 853 2888 Nicephori,
876 2821 897 2865 a
919 2798 1038 2887 palatio
1061 2820 1166 2889 usque
1188 2797 1232 2865 ad
1246 2809 1395 2868 sanam

257 2881 423 2969 Sophiam,
453 2885 547 2972 quasi
567 2906 627 2972 pro
649 2887 761 2968 muris,
794 2886 869 2951 viae
898 2907 969 2950 mar
994 2886 1001 2901 ⁶
1027 2906 1062 2951 es
1089 2885 1204 2965 tenuit,
1236 2885 1396 2975 clypeolis

254 2967 409 3034 tenuibus
441 2969 519 3035 satis
551 2980 584 3036 et
613 2970 745 3058 spiculis
775 2969 895 3038 vilibus
929 2969 950 3035 d
992 2981 1134 3037 ecorata.
1183 2969 1334 3038 Accessit
1363 2979 1397 3040 et

255 3051 298 3118 ad
328 3052 495 3120 dedecoris
528 3055 624 3121 huius
652 3068 873 3144 augmentum,
909 3055 998 3143 quod
1026 3054 1118 3142 vulgi
1149 3055 1254 3122 isius
1311 3056 1396 3124 otior

255 3143 345 3226 pars,
370 3138 412 3205 ad
434 3137 565 3207 laudem
592 3141 705 3229 ipsius,
738 3140 835 3208 nudis
862 3151 1065 3230 processerat
1091 3078 1241 3229 pedibus.
1285 3078 1394 3209 dreia

257 3225 304 3289 sic
326 3245 382 3290 eos
404 3234 546 3312 putasse,
575 3239 720 3294 sanctam
747 3229 854 3317 ipsam
882 3229 991 3316 potius
1014 3248 1173 3294 exornare
1195 3227 1393 3316 aquitanum.

258 3307 379 3377 Sedet
401 3313 572 3399 optimates
595 3313 655 3394 sui,
686 3314 742 3400 qui
770 3335 845 3378 cum
867 3313 938 3400 ipso
960 3334 1021 3401 per
1040 3311 1203 3400 plebeiam
1225 3321 1258 3379 et
1278 3310 1395 3379 discal-

257 3404 383 3461 ceatam
416 3394 655 3464 multitudinem
687 3399 793 3486 ipsam
824 3399 1033 3478 transierant,
1169 3398 1195 3464 ‘s
1227 3408 1261 3465 et
1291 3397 1394 3465 nimia

256 3489 415 3547 vetustate
437 3483 561 3549 rimatis
582 3483 701 3548 tunicis
730 3494 822 3550 erant
850 3483 965 3550 induti
1010 3481 1096 3550 Satis
1148 3482 1294 3551 scentius
1315 3484 1396 3551 coti·

257 3564 355 3630 diana
387 3577 476 3633 veste
508 3567 613 3634 induti
645 3567 868 3654 procederent.
911 3567 1028 3634 Nullus
1062 3576 1118 3651 est,
1150 3570 1243 3636 cuius
1275 3578 1393 3635 atavus

257 3728 280 3781 s)
298 3740 408 3772 romanus
425 3732 447 3774 0.
509 3733 533 3784 b)
550 3734 696 3786 'Pheopbsuu
712 3735 779 3786 iecere
794 3734 885 3776 assam.
956 3733 977 3786 c)
993 3735 1023 3775 al.
1040 3736 1153 3786 optimum
1170 3734 1309 3776 srrsbonesn
1324 3730 1397 3775 MR.

257 3790 280 3842 ci)
298 3791 343 3832 aa
359 3791 488 3834 dimiserit?
504 3793 644 3845 reliquerit?

259 3907 287 3977 1)
309 3910 351 3963 cf.
367 3909 406 3972 ‚de
425 3909 536 3962 foedere
556 3911 590 3961 ab
604 3910 721 3979 Hugona
734 3926 800 3979 rege
815 3926 876 3962 cum
889 3910 1011 3962 Romano
1025 3910 1080 3962 icto
1093 3913 1156 3963 Ant.
1169 3909 1215 3962 111
1229 3925 1255 3963 c.
1272 3908 1395 3962 22-24.

256 3984 427 4053 Epiphanius
445 3985 685 4053 protospatharius,
706 3987 752 4053 qui
772 4001 797 4036 a.
812 3985 867 4036 936
888 3983 1004 4037 classem
1020 3992 1114 4037 contrs
1126 3985 1263 4054 principes
1276 3983 1395 4054 Apuliae

258 4058 341 4122 duxit,
361 4059 472 4125 Hugoni
492 4061 553 4126 regi
573 4063 758 4113 centenarium
784 4075 865 4112 unum
886 4066 1043 4112 numeratae
1061 4060 1195 4128 pecuniae
1215 4058 1287 4113 dono
1308 4056 1395 4125 (ledit,
1434 4077 1448 4101 ι·

257 4139 287 4185 ut
306 4140 352 4185 aut
371 4135 458 4202 ipsum
478 4136 581 4186 socium
602 4133 668 4187 belli
685 4141 732 4187 aut
746 4137 839 4204 copias
853 4135 888 4185 ab
903 4150 935 4187 eo
950 4135 1045 4186 missas
1059 4133 1214 4201 adquireret
1226 4132 1283 4204 (De
1298 4136 1393 4187 aerim·

258 4207 337 4259 aulae
356 4209 385 4259 II
406 4209 482 4259 att
501 4226 527 4277 p.
549 4205 625 4276 661).
687 4207 1148 4275 2)cf.nnat⁷e.1t.1o.ao.
1206 4207 1237 4277 3)
1257 4208 1300 4263 ci.
1320 4207 1394 4263 Gon·

258 4283 368 4334 stantini
388 4282 614 4352 Porphyrogeniti
632 4283 730 4337 librum
746 4283 780 4336 de
795 4284 955 4336 ceremoniis
974 4283 1053 4335 sulse
1070 4283 1239 4351 Byzantinos
1253 4282 1287 4337 1,
1301 4284 1353 4338 le.
1365 4284 1395 4337 i.
