2932 4718
134 176 138 181 ·
207 222 260 274 tao
366 220 599 276 LIUDPRANDI
617 218 882 275 ANTAPODOSIS.
922 220 996 273 ma.
1015 219 1065 272 VI.
1104 219 1189 271 3-6.

206 413 303 459 nemo
326 391 451 473 melius,
473 403 543 459 tum
558 391 601 458 cb
616 390 746 458 dicendi
766 392 896 479 copiam
909 412 1006 458 nemo
1023 388 1224 457 commodius
1239 387 1351 459 facere

205 486 325 567 potest
369 477 458 560 Quid
487 477 614 561 dicam,
642 497 742 565 quam
762 474 859 544 facile
886 475 1052 543 doctrinas
1080 475 1189 543 ebibet
1211 472 1349 561 Grecos,

206 563 265 652 qni
278 573 349 664 tam
361 561 540 665 puerilibus
562 562 597 628 in
618 562 711 628 annis
734 561 880 650 epotavit
892 560 1061 662 Latinas?
1083 559 1231 663 blac-spe
1247 581 1349 649 quam

108 752 110 756 -
204 657 987 835 ffllbmmffiilff’offlffillil?
1003 645 1198 834 imm?
1229 667 1350 833 Q

3 816 196 931 ..o
278 817 582 971 antistas
595 815 1349 970 materiatura
1440 893 1446 898 -

991 952 1000 986 l

236 1009 388 1056 rocorum
401 991 562 1073 nuntium,
573 988 745 1072 kitonitan,
768 987 961 1071 eunuchum,
975 988 1115 1076 repperi,
1129 988 1172 1056 ab
1187 980 1352 1076 Hispania

204 1084 238 1142 et
260 1074 408 1142 Saxonis
428 1096 596 1142 reversum
618 1071 933 1162 Constantinopolim
960 1093 1075 1140 veram
1102 1071 1235 1140 tendere
1257 1073 1370 1162 cupi.

204 1168 323 1245 entem,
346 1181 523 1249 secumque
545 1158 718 1227 dueentem
739 1157 866 1226 domini
892 1158 1011 1241 nostri,
1039 1165 1127 1229 tnnc,
1144 1159 1231 1245 regis
1257 1179 1349 1225 nuno
1409 1212 1416 1219 .

203 1245 417 1396 ipppssatoris,
446 1245 574 1332 magnis
604 1265 679 1311 cum
700 1242 890 1312 muneribus
911 1242 1072 1325 nuntium,
1102 1241 1373 1318 *Liutefredum

274 1351 313 1397 ee

76 1341 122 1407 fr·
140 1345 219 1396 osas
313 1330 586 1417 tMagontinum
605 1330 786 1397 institorem
807 1329 1012 1397 ditissimum.
1058 1327 1184 1396 Octavo
1207 1326 1283 1396 deni
1305 1349 1350 1398 ue

74 1404 139 1518 ,2²92
155 1407 194 1509 ξξ
202 1411 371 1482 Kalendas
393 1414 596 1503 Septembris
616 1416 774 1483 Venetia¹
804 1423 972 1499 exeuntes,
994 1413 1071 1481 XV.
1092 1411 1261 1481 Kalendas
1283 1349 1350 1483 Ce-

186 1497 328 1568 ’rubrio
351 1498 665 1588 Constantinopolim
686 1501 853 1585 venimus3
882 1500 940 1567 ubi
963 1521 1062 1602 qnam
1083 1498 1230 1567 inaudito
1251 1501 1350 1568 miro·

59 1667 67 1672 ¹
204 1606 269 1674 que
291 1586 392 1652 simus
414 1585 513 1654 modo
536 1586 669 1674 recepti,
692 1586 835 1653 scribere
857 1608 924 1653 non
945 1584 1081 1674 pigebit.

155 1725 159 1730 .
288 1672 319 1736 b.
352 1671 425 1737 ¹'llst
440 1669 756 1760 Constantinopolim
778 1671 894 1738 domus
916 1669 1039 1759 palatio
1060 1671 1222 1758 contigua,
1245 1671 1350 1740 mirae

202 1756 437 1842 magnitudinis
466 1779 524 1823 seu
553 1755 817 1846 pulchritudinis,
846 1777 978 1844 quaes
1006 1754 1121 1822 Grecis
1149 1777 1209 1843 per
1230 1777 1253 1820 v
1274 1755 1349 1824 loeo

202 1839 388 1927 digammae
420 1843 562 1931 positam
594 1842 795 1929 Magnaura,
851 1842 923 1906 ussi
955 1863 1075 1928 magna
1106 1861 1186 1906 aura
1218 1840 1349 1911 dicitur.

202 1923 299 1993 Hane
322 1928 433 2015 itaque
456 1926 699 2011 Constantinus,
723 1948 840 1993 cumo
882 1924 1107 2015 Hispanorum
1128 1926 1269 2010 nuntios,
1291 1929 1350 2016 qui

201 2021 280 2078 tune
302 2014 341 2078 ed
364 2013 492 2079 noviter
518 2022 705 2096 venerante
734 2021 804 2077 tum
833 2010 874 2078 ob
905 2033 958 2078 me
988 2021 1020 2077 et
1041 2009 1264 2077 Liutefredum
1285 2010 1350 2080 hoc

202 2095 300 2164 modo
323 2098 492 2186 preparari
512 2097 616 2164 iussit
660 2098 769 2164 Aereo
790 2097 849 2164 sed
875 2095 1032 2163 deaurata
1061 2095 1223 2184 quaedam
1250 2094 1351 2164 arbor

201 2191 277 2249 ante
310 2182 516 2271 imperatoris
549 2180 650 2250 sedile
679 2182 796 2266 stabat,
831 2182 924 2249 ouius
952 2203 1063 2247 ramos
1090 2179 1203 2248 itidem
1232 2203 1349 2251 aereae

201 2265 324 2334 diversi
344 2267 473 2355 generis
503 2266 722 2356 deaurateque
743 2288 821 2334 aves
850 2264 1030 2354 replebant,
1061 2287 1146 2355 quae
1167 2266 1348 2336 secundum

200 2353 328 2440 species
350 2374 425 2420 suas
448 2352 650 2419 diversarum
671 2353 783 2419 avium
810 2373 908 2419 voces
938 2351 1160 2419 emittebant³.
1204 2351 1349 2441 Impera

201 2437 280 2504 toris
302 2460 381 2505 vero
404 2437 522 2505 solium
543 2437 730 2505 huiusmodi
752 2448 821 2505 erat
841 2447 911 2504 arte
934 2438 1162 2525 compositum,
1183 2437 1266 2504 utin
1279 2461 1350 2506 mo·

201 2531 311 2590 mento
333 2522 465 2607 humile,
487 2521 629 2590 exelsius
651 2521 760 2606 modo,
782 2544 882 2612 quam
904 2544 983 2588 mox
1004 2521 1171 2589 videretur
1191 2522 1347 2609 sublime;

35 2607 314 2708 mammone&
346 2610 514 2676 inmensae
547 2608 801 2695 magnitudinis,
841 2609 1003 2674 incertum
1042 2615 1152 2673 utrum
1184 2609 1280 2676 aerei·
1303 2631 1348 2676 an

200 2689 311 2781 lignei,
332 2715 447 2760 verum
469 2715 549 2762 auro
571 2695 649 2762 tecti
669 2692 780 2761 leones
821 2693 893 2759 uasi
907 2691 1145 2776 custodiebant,
1169 2693 1228 2781 qui
1242 2693 1348 2762 cauda

200 2786 320 2844 terram
334 2779 564 2866 percutientes,
586 2787 699 2868 aperto
715 2801 780 2862 ore,
799 2717 989 2866 lnguisque
1004 2775 1180 2844 mobilibus
1201 2778 1347 2867 rugitum

201 2862 448 2931 emittebant⁴¹’.
499 2864 540 2931 In
568 2862 630 2930 hoo
656 2865 757 2952 igitur
783 2863 921 2930 duorum
951 2861 1173 2929 eunuchorum
1201 2862 1346 2932 humeris
1402 2899 1408 2915 ·

199 2946 401 3031 incumbens,
424 2958 499 3018 ante
520 2950 726 3037 imperatoris
741 2949 939 3039 presentiam
953 2968 1025 3013 sum
1041 2945 1213 3015 deducas.
1246 2946 1347 3017 Cum·

222 3054 264 3099 ue
286 3033 321 3098 in
342 3032 486 3100 adventu
508 3056 581 3102 meo
603 3036 748 3122 rugitum
770 3033 880 3101 leones
908 3033 1101 3117 emitterent,
1133 3053 1209 3100 aves
1232 3057 1346 3101 seeun-

199 3054 278 3184 dum
301 3119 420 3207 speties
442 3140 517 3185 suas
539 3128 789 3209 perstreperent,
811 3117 900 3186 nullo
923 3141 996 3184 sum
1017 3128 1149 3202 terrore,
1178 3117 1268 3185 nulla
1288 3120 1346 3188 ad·

198 3203 370 3271 miratione
400 3215 593 3287 commotus,
623 3207 776 3294 quoniam
806 3204 937 3294 quidem
966 3226 1009 3270 ex
1034 3202 1085 3268 his
1115 3204 1266 3272 omnibus
1289 3226 1346 3273 ecs
1410 3249 1416 3256 ·

200 3288 257 3376 qui
277 3287 360 3354 bene
382 3300 541 3357 noverant
561 3289 687 3357 literam
709 3299 928 3379 percontatus.
965 3288 1083 3355 Tereio
1097 3289 1208 3376 itaque
1222 3311 1346 3377 pronus

198 3373 427 3462 imperatorem
448 3374 599 3460 adorans,
622 3384 721 3463 caput
741 3373 868 3458 sustuli,
891 3385 924 3440 et
946 3395 1045 3463 quem
1067 3374 1158 3461 prius
1177 3374 1345 3443 moderata

199 3517 222 3573 a)
238 3508 338 3563 oatbbrts
354 3533 372 3564 e.
434 3522 458 3573 b)
476 3524 517 3573 qut
533 3533 552 3564 c.
567 3527 583 3567 t.
599 3533 623 3574 p.
641 3532 663 3565 ι.
679 3532 701 3564 o.
719 3522 736 3563 1.
753 3533 784 3568 m.
799 3532 818 3562 r.
835 3532 857 3564 e.
873 3521 951 3561 ducat
966 3521 988 3560 t.
1005 3521 1027 3563 t.
1044 3519 1088 3564 cs.
1104 3522 1154 3563 ἔνι’,
1245 3556 1249 3563 .

200 3651 229 3721 1)
250 3653 440 3709 Henschenius
453 3656 525 3709 Acta
538 3656 587 3710 SS.
608 3656 690 3709 Febr.
703 3654 736 3708 T.
750 3655 774 3707 1.
794 3655 880 3723 praef.
900 3672 929 3724 p.
943 3655 1021 3708 XIX.
1040 3654 1102 3709 loco
1117 3656 1192 3708 vocis
1207 3655 1343 3709 ‘Venetia'

197 3726 268 3783 falso
287 3729 357 3796 legit
376 3730 431 3783 ‘die
443 3729 576 3784 Veneris'.
633 3727 662 3798 2)
677 3731 802 3782 Meminit
820 3728 967 3797 legationis
980 3730 1149 3798 Hispanioas
1164 3728 1208 3782 die
1223 3728 1267 3782 tt.
1280 3730 1343 3785 Cot.

199 3818 285 3856 mens.
305 3811 433 3873 receptae
455 3804 625 3858 Constantin.
645 3805 813 3872 Porphyrog.
835 3805 869 3857 de
884 3804 978 3856 ocrim
992 3803 1073 3856 aulae
1087 3804 1200 3870 Byzant.
1215 3803 1245 3856 11
1259 3819 1283 3855 c.
1300 3804 1344 3868 lb,

197 3894 225 3946 p.
245 3876 310 3929 ott.
331 3878 385 3929 680
406 3879 450 3931 ed.
470 3879 582 3932 Reiske.
651 3877 681 3946 3)
702 3879 815 3946 Georgii
834 3877 988 3930 Hamartoli
1008 3877 1108 3931 Chron.
1129 3893 1153 3930 c.
1172 3877 1187 3926 b
1209 3876 1266 3944 (ed.
1281 3877 1342 3930 Mn·

197 3950 251 4004 ralt
277 3968 304 4019 p.
332 3951 415 4020 702):
443 3947 617 4024 Φιλόκοσμος
642 3949 673 4006 δὲ
699 3943 737 4005 ὢν
761 3945 777 4003 ὃ
806 3945 890 4016 αὐτὸς
916 3947 1053 4023 Θεόφιλος
1077 3944 1341 4005 κατεσκεύασε...

198 4019 313 4107 δένδρον
331 4021 362 4079 δὲ
383 4022 511 4099 χρυσοῦν,
532 4024 559 4079 ἐν
572 4011 593 4098 ᾧ
608 4023 741 4099 στρουθοὶ
754 4019 914 4098 ἐφεζόμενοι
928 4021 975 4078 διὰ
989 4021 1111 4097 μηχανῆς
1122 4041 1194 4090 τινος
1209 4021 1343 4096 μουσικῶς

197 4094 350 4152 halabeca.
418 4099 449 4169 4)
461 4100 632 4155 constantin.
647 4101 681 4154 de
692 4102 784 4154 cerium
795 4100 875 4153 aulae
885 4101 954 4168 Byr.
968 4100 997 4153 11
1009 4116 1033 4154 c.
1046 4099 1081 4151 15
1091 4116 1120 4168 p.
1131 4099 1200 4152 569:
1212 4092 1344 4172 ἄρχονται

198 4167 355 4244 §macta
378 4175 405 4229 cl
423 4172 529 4240 λέοντες
552 4176 599 4229 καὶ
616 4171 651 4228 τὰ
670 4167 755 4248 ὄρνεα
773 4169 807 4226 τὰ
824 4171 852 4228 ἐν
870 4169 907 4246 τῷ
918 4171 1051 4246 attactas,
1076 4168 1179 4244 ὁμοίως
1197 4174 1243 4227 καὶ
1261 4168 1295 4226 τὰ
1313 4169 1343 4227 ἐν

202 4249 261 4311 τοῖς
270 4243 396 4322 δένδρεσι
417 4242 493 4322 ᾅδειν
512 4248 684 4325 ἐναρμονίοις.
