2932 4718
279 212 512 268 ambustum
530 211 796 268 ANTAPODOSIS.
834 213 908 268 Lis.
928 215 952 268 1.
990 215 1091 266 9-11.
1244 217 1259 266 'l

116 384 185 450 vult
221 404 428 473 quacumque
466 404 624 465 censura,
660 381 748 449 hunc
780 384 1011 471 imperatorem
1043 383 1259 451 Micbahelem
1290 433 1294 440 -

117 490 214 536 sanae
237 470 353 534 mentis
378 466 422 533 ad
450 477 580 568 tempus
608 489 674 534 non
697 490 767 534 esse
789 469 998 557 permiserat,
1027 479 1065 535 ut
1086 491 1149 558 quo
1172 468 1259 537 hunc

116 555 251 640 gravim
273 564 436 641 premeret
457 553 490 618 in
512 553 643 634 infimis,
667 575 706 619 eo
728 553 970 620 misericordius
990 565 1212 620 remuneraret
1225 555 1259 621 in

117 639 263 704 summis.
307 637 402 721 Nam,
427 648 461 704 ut
481 637 592 721 fertur,
615 636 711 704 huius
734 650 880 726 tempore
900 639 1061 725 passionis
1083 637 1259 706 familiares

116 723 214 789 ctiam
238 723 354 823 capitis
385 723 523 790 iusserat
551 721 706 790 damnum
736 723 926 790 senoentaa
973 721 1064 806 Quos
1085 736 1196 792 tamen
1216 723 1259 791 ad

115 830 186 874 sese
219 807 348 874 rediens
381 805 443 873 hoc
476 817 574 894 pacto
606 807 803 896 requirebat,
839 819 875 874 ut
902 808 965 873 nisi
998 830 1081 896 quos
1110 807 1258 896 iugulare

114 893 254 959 iusserat
281 888 511 975 redderentur,
544 891 616 978 pari
637 893 702 980 ipsi
730 894 787 981 qui
809 891 870 958 hoc
899 891 1073 960 effecerant
1100 894 1259 961 sententia

115 977 356 1045 damnarentur.
392 975 467 1042 Hoc
482 975 583 1064 igitur
603 988 725 1045 terrore
748 999 830 1067 quos
845 976 1000 1044 damnare
1021 985 1170 1062 iusserat,
1193 1000 1258 1046 ser·

114 1059 286 1129 vabantur.
332 1060 397 1130 Sed
428 1083 503 1127 cum
532 1060 595 1128 hoc
626 1064 736 1150 sepius
766 1074 799 1130 et
826 1064 944 1129 iterum
972 1061 1094 1130 Basilio
1127 1063 1257 1147 faceret,

114 1145 303 1214 huiusmodi
317 1167 338 1212 a
352 1146 414 1214 sibi
430 1146 685 1235 obsequentibus
717 1168 777 1235 pro
798 1146 901 1231 nefas,
924 1149 1053 1236 accepit
1068 1147 1259 1214 consilium:

115 1230 174 1298 ‘Ne
196 1232 279 1299 forte
300 1234 415 1300 insana
436 1232 522 1320 regis
544 1232 644 1297 iussio
701 1231 842 1321 'quando
865 1255 908 1298 ex
929 1231 1089 1300 iudusttia
1110 1244 1176 1301 ate
1190 1255 1258 1299 non
1331 1270 1337 1280 =

113 1315 335 1418 diligentibus,
357 1319 457 1382 immo
482 1314 557 1382 odio
572 1314 776 1400 habentibus,
798 1316 981 1418 impleatur,
1004 1339 1079 1383 eum
1094 1329 1130 1384 tu
1148 1319 1258 1406 potius

114 1401 266 1485 occidito,
289 1412 388 1491 atque
410 1400 591 1488 imperialia
620 1411 748 1490 sceptra
769 1400 944 1489 suscipito'.
990 1399 1087 1484 Quod
1114 1403 1182 1468 sine
1211 1403 1258 1468 di·

112 1485 243 1570 latione,
267 1509 342 1553 cum
364 1498 485 1553 terrore
507 1484 705 1572 compulsus,
737 1497 807 1552 tum
837 1496 869 1553 et
896 1486 1055 1574 regnandi
1079 1487 1256 1574 cupiditate

113 1569 282 1660 deceptus,
305 1569 513 1660 complevit&
547 1570 623 1637 Hoc
643 1573 754 1660 itaque
769 1571 948 1655 interfecto,
970 1571 1075 1638 factus
1090 1583 1139 1639 est
1153 1573 1256 1661 impe·
1301 1595 1353 1638 ser.

111 1666 201 1722 rator
221 1654 372 1722 Basilius.
1266 1653 1377 1707 SM·

198 1743 273 1808 ¹10.
307 1741 458 1829 Denique
491 1761 595 1829 parvo
616 1750 781 1807 mansueto
802 1752 961 1829 tempore,
994 1739 1071 1807 huic
1104 1740 1368 1808 dominum-su.

112 1835 225 1892 noster
244 1825 338 1892 Iesus
361 1824 510 1892 Christus
539 1847 599 1914 per
625 1827 782 1892 visionem
812 1827 976 1913 apparuit,
1005 1825 1130 1892 domini
1158 1811 1391 1892 huius⁸⁸⁶’⁰¹²'
1426 1843 1430 1853 ·

113 1911 329 1999 imperatoris,
352 1911 444 1976 cuius
466 1911 519 1976 hic
532 1911 623 1976 necis
637 1921 751 1976 auctor
765 1912 926 1995 extiterat,
948 1909 1117 1978 dexteram
1131 1920 1254 1994 tenens,

112 2016 254 2084 eumque
284 1996 330 2062 ita
356 1995 569 2062 conveniens:
593 1996 655 2060 ‘icc
684 1998 717 2060 τί
743 1995 878 2084 ippotae
906 1996 964 2062 τὸν
991 1996 1173 2077 δεσπότην·
1196 2015 1255 2063 σου

113 2080 271 2165 posttea?
298 2081 380 2146 inati
406 2079 526 2146 esfases
548 2088 605 2145 ton
627 2078 778 2167 despotin
800 2101 839 2146 su
859 2079 999 2164 basilea',
1042 2078 1108 2147 uod
1122 2090 1187 2147 est:
1211 2086 1257 2147 ‘ut

112 2163 193 2314 quid
220 2164 411 2231 interfecisti
440 2163 609 2230 dominum
637 2173 730 2230 tuum
758 2103 1043 2251 imperatorem’2l
1085 2163 1256 2252 Experge·

126 2261 220 2318 actus
241 2250 363 2338 itaque,
392 2249 475 2315 tanti
498 2271 533 2316 se
554 2270 648 2316 reum
669 2250 763 2316 novit
792 2271 863 2316 esse
889 2262 1016 2333 reatus3
1046 2271 1191 2338 moxque
1212 2248 1256 2315 ad

113 2356 184 2400 sese
206 2333 345 2410 rediens,
359 2333 447 2422 ,quid
469 2356 569 2423 super
588 2333 652 2399 hoc
673 2333 804 2418 iaceret,
827 2333 1000 2422 cogitabat.
1045 2331 1254 2401 confortatus

113 2419 222 2507 itaque
244 2417 306 2485 hac
328 2418 451 2485 domini
472 2420 574 2484 nostri
595 2440 656 2505 per
680 2417 873 2507 prophetam
901 2417 1036 2485 salubri*
1052 2429 1084 2485 et
1104 2440 1181 2486 vere
1201 2439 1256 2484 ac·

112 2501 270 2592 captabili
315 2503 515 2587 romissione,
538 2504 617 2591 quia
637 2504 681 2568 ‘iu
703 2524 910 2603 quacumque
932 2502 985 2571 die
999 2513 1153 2590 peccator
1166 2503 1256 2589 inge·
1295 2526 1325 2571 et.

112 2589 241 2671 muerit‚
265 2611 281 2654 s
312 2610 374 2654 vus
396 2589 475 2669 erit’,
499 2609 574 2653 cum
593 2586 736 2653 lacrimis
751 2598 784 2654 et
797 2587 974 2675 gemitibus
990 2610 1024 2654 se
1037 2585 1353 2688 peccator·em‚f³⁸⁸⁰¹h,¹

113 2694 148 2739 se
172 2694 276 2756 reum,
299 2695 334 2740 se
356 2674 525 2760 sanguinis
546 2673 728 2744 innocentis
750 2673 921 2740 effusorem
944 2694 1016 2739 esse
1031 2671 1255 2740 confitebatur.
1299 2672 1306 2687 ⁸
1353 2673 1358 2683 ’

112 2756 206 2824 Bono
228 2768 338 2824 autem
361 2757 496 2824 consilio
517 2769 665 2845 accepto,
686 2758 808 2823 amicos
831 2755 894 2823 sibi
917 2754 958 2824 de
973 2777 1125 2823 mamona
1138 2757 1255 2845 iniqui-
1268 2779 1326 2824 nee.
1344 2779 1380 2832 ts,
1396 2778 1418 2820 a

111 2843 187 2909 tatis
202 2843 363 2926 effecerat,
385 2855 422 2910 ut
437 2864 519 2932 quoe
533 2840 587 2908 hic
601 2840 836 2931 temporalibus
854 2839 1007 2909 subsidiis
1022 2839 1254 2925 consolaretur,
1428 2867 1433 2880 ·

112 2949 227 2993 eorum
259 2926 412 3016 precibus
444 2926 486 2994 ab
518 2937 650 2993 aeterno
683 2926 830 3014 gehenne
867 2924 1017 2993 incendio
1053 2924 1255 2994 liberaretur.

111 3010 302 3080 Fabricavit
322 3023 431 3078 autam
457 3012 606 3099 precioso
628 3022 661 3078 et
682 3009 822 3077 mirabili
849 3032 947 3098 opere
977 3011 1061 3077 iusta
1088 3009 1253 3098 palatium,

112 3097 269 3164 orientem
290 3119 414 3180 versus,
439 3096 632 3163 aecclesiam
655 3116 754 3184 quam
775 3095 880 3179 Nean,
906 3096 969 3162 hoc
983 3104 1032 3160 est
1045 3116 1176 3177 novam,
1198 3116 1254 3160 vo-

86 3193 198 3266 cant,
219 3181 254 3246 in
268 3180 414 3249 honores
430 3181 550 3247 summi
564 3192 598 3248 et
612 3179 738 3247 celestis
753 3178 867 3247 militie
905 3180 1050 3268 rinuipis‚
1066 3177 1255 3266 archangeli
1356 3260 1357 3263 Ἴ

111 3263 304 3332 Michahelis
339 3267 394 3354 qui
417 3261 524 3332 Gracc
545 3264 728 3354 archistrati
752 3285 788 3329 os
813 3201 1001 3352 apedamrt
1463 3295 1465 3302 ·

199 3353 249 3417 11.
282 3315 378 3416 llunc
399 3361 510 3417 autem
530 3371 597 3416 non
614 3287 884 3437 pigeatlibellulo
898 3348 975 3415 huic
988 3371 1041 3415 res
1056 3346 1159 3432 duas,
1172 3369 1253 3436 quas
1264 3371 1306 3426 (a)

111 3433 256 3512 eiusdem
287 3433 401 3501 Basilii
429 3433 530 3523 iilius,
555 3445 754 3501 memoratus
781 3432 850 3501 Leo
878 3433 1057 3522 imperatos·
1083 3441 1252 3518 augustus,

63 3625 983 3685 ·a)smtseopotsasovbesdmi.istomacantium
1050 3625 1253 3676 b)bononorei.
1328 3602 1330 3605 Ι

112 3785 142 3856 1)
154 3787 198 3842 Ad
217 3787 305 3856 solam
318 3786 516 3855 temulentiam,
535 3802 591 3856 qua
602 3788 714 3856 saepius
727 3801 872 3856 oppressus
884 3786 975 3852 iussit,
990 3786 1136 3853 Byamtiui
1147 3785 1254 3838 iliobs·

62 3889 65 3894 ·
110 3861 161 3916 elis
186 3862 310 3916 facinora
334 3869 493 3916 revocant..
556 3927 558 3930 Α
600 3860 628 3924 2)
649 3859 692 3914 01.
711 3860 854 3914 Hiuomari
877 3876 940 3913 ann.
967 3859 1021 3911 888
1042 3857 1104 3928 (SS.
1125 3859 1149 3924 1,
1168 3855 1253 3927 888);

110 3935 253 3992 Basilius.
269 3936 416 3990 ‚eumdem
435 3934 601 3989 Michaelem
622 3933 686 3987 dolo
710 3935 849 3988 interiecit
867 3942 895 3988 et
912 3935 1056 4003 imperium
1075 3934 1127 3986 sibi
1145 3933 1253 3986 ascivit.
1336 3932 1338 3936 ’

110 4009 140 4075 8)
160 4007 285 4063 Similem
310 4011 443 4064 visionem
468 4009 551 4062 refert
576 4008 724 4078 Gregorius
749 4010 778 4060 in
804 4010 861 4060 vita
884 4008 982 4062 Basilii
1001 4006 1165 4077 (Scriptores
1192 4012 1255 4076 post

110 4082 304 4153 'I'beopbauem
331 4083 374 4137 ed.
394 4085 481 4137 Paris.
500 4100 528 4152 p.
548 4079 625 4149 888).
741 4080 773 4150 4)
794 4080 836 4134 ot
862 4082 897 4135 de
921 4081 974 4134 bac
1001 4078 1121 4133 ecclesis
1141 4080 1254 4149 qeneeii

110 4170 205 4282 rqgum
217 4156 237 4209 l.
250 4157 300 4222 lv,
318 4175 346 4227 p.
362 4158 414 4210 118
430 4158 474 4210 ed.
492 4157 663 4220 Lachmann,
682 4156 876 4224 Theophanem
898 4157 998 4209 contin.
1012 4153 1045 4220 V,
1061 4168 1085 4207 c.
1100 4154 1143 4218 78,
1156 4170 1184 4223 p.
1198 4153 1252 4205 818
1361 4200 1388 4226 s

110 4231 294 4285 e.Bekker.
