2932 4718
252 242 484 296 LIUDPRANDI
502 243 770 300 nuntronosls.
808 246 883 300 LIB-
901 247 951 300 1v.
989 247 1111 301 29-80.
1224 247 1260 299 97

114 412 149 477 in
194 413 320 480 artibus
343 425 463 479 erantl.
508 412 576 481 Sed
621 415 676 480 uia
703 436 818 482 eorum
845 418 960 505 copiae
990 419 1127 483 istorum
1155 418 1259 506 copiis
1270 431 1323 478 πο.

115 519 149 562 m
186 510 218 563 to
233 497 402 564 inferiores
418 499 601 583 extiterant,
641 501 648 514 '
682 512 874 568 occurrere·
888 500 1106 590 trepidabant
1133 502 1258 569 Verum

114 579 248 651 iubente
264 582 335 666 dec,
358 605 425 650 non
438 581 612 652 locutionis
627 583 686 651 sed
700 585 922 674 inspirationis
937 587 1045 670 modo,
1067 587 1128 654 hos
1147 585 1258 654 multis

116 690 191 734 cum
220 665 333 754 spoliis
362 667 536 736 redeuntes
564 673 651 757 pone
681 681 846 739 secuntur.
902 669 1054 774 Cumque
1087 670 1258 760 paululum

113 753 358 840 processissent,
405 753 517 821 uidam
538 756 586 822 eis
607 753 690 822 flens
717 766 750 822 et
775 754 900 823 eiulans
930 755 1075 824 obviavit
1095 755 1259 825 sacerdos.

116 837 183 920 Qui
204 849 339 925 rogatus
367 776 409 904 ah
437 840 494 922 eis,
523 839 610 906 unde
638 841 709 924 iret,
732 861 791 907 cur
810 840 911 926 fleret,
940 841 993 910 ‘ab
1020 843 1109 927 istis',
1141 843 1259 931 inquit,

119 921 329 1010 ‘predonibus
352 945 415 1011 ego
437 925 543 1007 venio,
566 926 624 1014 qui
645 927 847 1013 paupertatis
874 949 967 995 meae
993 949 1163 994 erumnam
1193 948 1258 994 uno

115 1006 204 1096 quod
234 1006 338 1074 solum
390 1008 575 1076 ossederam
604 1011 751 1078 iumento
780 1009 888 1079 ablato
916 1011 1109 1079 dilatarunt.
1159 1011 1259 1095 Quod

114 1115 189 1158 cum
211 1093 351 1181 prefatib
409 1106 464 1160 uto
487 1117 526 1160 ac
550 1093 768 1163 Ohuonradus
796 1096 956 1181 audirent,
984 1099 1011 1163 si
1035 1095 1258 1164 Gislebertum

114 1189 213 1267 atque
235 1178 464 1246 Heverardmu
486 1178 614 1263 viderit,
643 1183 843 1250 examussim
870 1194 947 1249 sunt
971 1183 1136 1250 sciscitati.
1182 1181 1258 1264 Quo

113 1262 344 1350 respondente:
358 1272 366 1306 ‘
392 1266 525 1332 uoniam
541 1287 618 1332 cum
632 1265 735 1353 preda
750 1268 875 1334 cunctis
914 1288 994 1335 cene
1005 1277 1095 1334 trans
1107 1266 1258 1334 Rhenum

112 1348 232 1432 missis,
254 1350 318 1437 ipsi
341 1350 399 1416 so‘
423 1372 500 1416 cum
522 1372 636 1417 eorum
658 1348 768 1418 electis
790 1291 958 1436 militias,
981 1351 1071 1441 quod
1091 1373 1152 1419 nec
1173 1352 1258 1420 bene

112 1434 230 1500 vertat!
255 1435 390 1522 capiunt
411 1433 544 1518 cibum’3
567 1446 657 1503 tante
672 1435 837 1522 celeritate
857 1459 956 1525 super
977 1459 1033 1503 eos
1051 1438 1166 1503 irruun
1211 1459 1234 1503 u

113 1519 141 1584 si
163 1517 301 1602 videres,
323 1541 390 1585 non
413 1541 468 1586 eos
490 1532 640 1587 currerc⁶
663 1519 721 1587 sed
743 1520 868 1589 diceres
889 1520 1121 1590 demoraret.
1225 1448 1258 1589 l

112 1601 228 1691 plura?
249 1603 460 1671 Heverardus
481 1603 599 1692 gladiis
623 1604 791 1689 occiditur,
816 1604 1020 1675 Gislebertus
1035 1606 1143 1674 Rheni
1158 1604 1256 1673 undis

113 1685 344 1776 submergitur,
378 1712 461 1779 quas
495 1692 649 1777 quoniam
682 1714 741 1779 pre
771 1690 979 1758 multitudine
1006 1688 1160 1759 sorberee
1189 1713 1256 1759 non

113 1775 252 1925 pglmi’ffi
267 1775 377 1876 anima
409 1773 581 1926 recedente
615 1775 1009 1928 deieciteraetprolrpdlm
1036 1799 1120 1928 {supp
1159 1798 1256 1928 netrlrlrro

111 1881 342 2032 diligenti&
360 1859 756 2046 {Statim
769 1885 882 2035 atil
895 1883 1087 2015 derha
1103 1883 1255 2013 &lid

112 2050 245 2096 manum
267 2032 403 2114 miserit,
425 2052 522 2118 quem
543 2031 579 2096 in
599 2032 663 2098 viis
685 2032 753 2098 suis
776 2029 961 2099 ambulasse
983 2032 1145 2120 cognovit.
1387 2097 1388 2102 ,

194 2113 249 2181 30.
287 2115 379 2181 Duru
405 2113 468 2182 hcc
583 2126 645 2200 tur,
672 2138 733 2184 rex
758 2117 794 2182 in
815 2115 1324 2200 Alsatiahoruminscius2,<1r.)

112 2200 195 2266 mori
221 2200 329 2288 potius
360 2223 459 2288 quam
530 2203 690 2268 versarios
716 2201 830 2302 fugere
852 2212 902 2268 est
927 2211 1071 2290 paratua
1121 2199 1255 2267 Accidit

109 2286 230 2374 itaque,
231 2296 303 2438 apel]
321 2283 600 2386 quemadmodum
621 2286 653 2353 ei
681 2307 782 2352 mons
810 2298 889 2372 erat,
916 2308 1011 2353 mane
1033 2287 1141 2373 primo
1173 2307 1254 2375 quo·

110 2371 199 2436 niam
304 2393 372 2437 esra
406 2369 503 2458 longe
539 2368 663 2456 aberat,
698 2393 797 2460 super
833 2394 956 2472 equum
993 2335 1253 2455 conscenderet‘,

110 2457 150 2522 ed
174 2477 216 2522 ue
238 2477 274 2522 se
296 2457 458 2523 munitum
480 2454 683 2523 orationibus
705 2457 777 2541 iret,
804 2479 881 2523 cum
902 2456 1034 2523 directis
1056 2454 1174 2556 procul
1196 2452 1253 2522 ob-

110 2477 245 2625 uibus,
276 2540 408 2608 obviare
435 2538 500 2607 sibi
527 2542 630 2607 nimia
656 2540 820 2609 celeritate
847 2541 1013 2608 hominem
1034 2539 1127 2626 vidit,
1155 2562 1253 2630 quem

109 2623 186 2692 ilico
207 2626 358 2693 nuntium
381 2648 453 2693 esse
478 2624 669 2694 intellexit&
712 2626 759 2694 Et
779 2628 857 2728 quia
884 2628 913 2692 is
942 2627 999 2714 qui
1020 2636 1154 2694 venerat
1181 2646 1255 2726 pro

111 2733 207 2800 spera
227 2709 409 2795 nuntiabat,
432 2731 511 2777 mox
532 2721 569 2778 ut
590 2733 702 2800 regem
723 2710 815 2796 vidit,
843 2709 1090 2778 subsecuturam
1111 2709 1254 2778 leticiam

112 2795 255 2884 quodam
287 2795 440 2884 proludio
473 2795 643 2864 hilaritatis
677 2797 827 2864 ostendit
886 2796 962 2863 Hoc
994 2797 1096 2884 igitur
1126 2794 1254 2878 inditio,

111 2883 188 2970 quia
210 2881 355 2948 secunda
375 2904 451 2948 eum
474 2876 532 3034 3Ξυί
553 2880 689 2948 aderant
714 2884 863 2949 nuntiare
889 2879 1068 2968 intellegun
1119 2880 1255 2946 arrectis

111 2966 247 3034 auribus
269 2977 306 3033 ut
328 2988 404 3033 eum
430 2990 474 3033 au
510 2979 566 3034 ant
592 2977 737 3033 currunt.
793 2967 923 3050 Quibus
956 2965 1124 3033 moderata
1156 2964 1255 3031 huius

110 3052 287 3139 processio,
321 3049 512 3140 capillorum
540 3074 580 3118 ac
606 3053 747 3119 vestium
776 3051 980 3141 compositio,
1009 3051 1146 3118 honesta
1171 3047 1256 3116 salu-

110 3137 199 3220 tatio,
232 3159 337 3202 annus
371 3147 449 3204 erat.
505 3136 597 3204 Vidit
629 3160 690 3205 rex
721 3135 881 3227 populum
908 3135 1069 3220 anhelare,
1095 3145 1136 3202 et
1165 3133 1256 3224 quod
1287 3168 1289 3172 ⁸

111 3221 242 3289 dicendi
264 3223 410 3288 moram¹¹
431 3223 566 3289 nuntius
595 3221 726 3306 faceret,
752 3224 896 3310 graviter
924 3220 1017 3288 ferre.
1067 3220 1169 3308 ‘Age'‚
1199 3221 1255 3304 ait,

112 3306 164 3374 ‘ad
180 3306 269 3398 quod
288 3309 408 3374 missus
423 3329 458 3374 es
472 3307 551 3392 iare,
573 3319 797 3410 preposterato
813 3305 1010 3375 ordinarem
1025 3306 1117 3393 prius
1131 3305 1255 3388 iniice¹,

111 3394 393 3459 circumstantium
408 3403 514 3459 metus
528 3390 647 3477 adime,
670 3413 850 3482 eorumque
863 3392 990 3458 animos
1004 3390 1126 3478 gaudio
1142 3387 1255 3478 exple;

73 3504 75 3508 ³
112 3477 232 3562 dehinc
253 3475 432 3566 perlonga
453 3499 572 3545 exorsa
592 3488 625 3545 et
645 3477 812 3545 rhetorum
841 3476 1033 3565 prohoemia
1054 3474 1254 3543 salutationi·

110 3562 171 3631 bus
192 3584 253 3630 nos
281 3560 440 3658 demulce.
493 3561 570 3630 Non
603 3561 750 3652 qualiter,
783 3561 842 3630 sed
875 3561 955 3650 quid
987 3559 1088 3646 dicas,
1120 3581 1255 3648 presens
1319 3596 1320 3599 ¹

109 3709 335 3822 zaraa.
350 3706 381 3823 t>
397 3709 527 3821 att-²·
551 3707 752 3811 aaut
766 3707 996 3811 amru
1011 3711 1050 3820 ‘a
1067 3705 1256 3810 aaa

112 3828 135 3882 ε)
151 3831 262 3874 intelextt
279 3831 301 3871 1.
331 3829 364 3869 nt
379 3829 436 3879 quta
451 3830 468 3870 t.
484 3840 507 3881 q.
524 3839 546 3870 v.
562 3840 588 3881 p.
604 3839 628 3872 n.
643 3839 677 3873 nr.
693 3834 720 3871 ut
734 3840 755 3874 r.
769 3824 1054 3872 amaseae.
1125 3823 1255 3878 maromo-

67 3919 68 3922 =
111 3901 161 3932 ram
178 3893 200 3932 ι.
258 3886 279 3940 l)
293 3888 374 3930 taines
391 3890 413 3929 1.

112 3988 138 4050 1)
156 3986 277 4040 Eosdem
296 3987 420 4041 nominat
438 3987 589 4054 Reginonis
614 3987 804 4052 conducatur,
829 3984 954 4040 Udonem
979 3983 1068 4038 solum
1093 3982 1257 4038 Hrotsvitha

113 4061 152 4127 (a.
174 4060 242 4128 288)
272 4068 300 4132 et
328 4062 450 4116 Annales
470 4060 756 4128 Queumburgenrm
787 4065 900 4113 econtra
927 4059 1125 4111 Herimannnm
1155 4057 1255 4112 ducem

110 4135 297 4190 widukindus
317 4136 360 4206 (11
381 4152 405 4190 c.
426 4133 486 4203 26).
557 4132 587 4203 ἓ)
603 4135 763 4188 Hrotavitha
781 4151 808 4187 r.
828 4134 899 4186 288:

337 4246 339 4251 -
375 4213 413 4265 at
430 4225 480 4263 rex
499 4211 605 4262 interea
622 4211 713 4263 nescit
730 4216 788 4262 tam
806 4208 888 4262 fortia
906 4205 982 4261 balla

373 4287 477 4339 Averso
497 4284 593 4354 quidni
612 4285 735 4338 residens
754 4285 784 4336 in
802 4281 883 4336 litore
901 4282 999 4337 Rheni.

1004 4385 1019 4435 ‘l
