2932 4718
345 237 578 291 LIUDPRANDI
597 237 775 294 HISTORIA
794 239 964 294 ot'rouls.
1003 238 1122 292 15-16.
1250 237 1303 290 tto

166 407 314 497 grrlavit?
335 408 424 475 Data
438 408 483 474 Χ.
501 407 666 477 Kalendas
680 409 873 477 Decembris
888 422 921 477 et
935 411 1035 476 missa
1048 431 1108 498 per
1121 408 1303 475 Adrianum
1313 422 1365 467 ⁸⁸⁸-

166 493 361 561 eardinalem
376 493 602 594 presbiterum,
624 507 657 561 et
671 495 885 562 Benedictum
900 493 1096 562 cardinalem
1111 492 1303 561 diooonum'.

254 582 303 647 14.
326 580 393 664 Qui
409 601 484 645 oum
500 579 663 648 Tiberim¹
679 583 913 668 pervenissent,
929 603 1003 649 eum
1018 602 1083 647 non
1097 580 1304 664 invenerunt3

164 664 368 755 pharetratus
389 666 476 732 enim
497 666 532 732 in
555 667 750 754 campestria
776 668 842 733 iam
870 666 1012 752 abierat3
1045 688 1106 733 neo
1129 666 1303 755 quisquam

165 760 243 833 erat,
267 749 405 839 quibis,
427 750 485 818 ubi
507 752 578 839 ipse
600 761 694 836 esset,
723 751 869 818 indidere
890 765 1009 840 posset.
1054 750 1205 839 Cumque
1227 772 1304 818 enm

163 836 308 903 invenire
329 857 397 902 non
416 849 560 925 possent,
582 857 656 903 oum
684 836 807 905 eisdem
834 835 949 904 litteris
975 836 1019 903 ad
1040 847 1185 903 sanctam
1209 858 1305 924 syno-

164 922 252 1006 dum,
284 942 369 1010 quae
398 931 477 988 tunc
505 922 600 989 tertio
630 931 679 990 est
706 921 827 1006 habita,
859 935 936 989 sunt
963 923 1093 990 reversi.
1136 923 1217 989 Mox
1245 923 1304 988 im·

162 1018 293 1094 perator
328 1009 389 1073 ait:
434 1006 700 1096 ‘Expectavimus
735 1007 914 1075 adventum
951 1009 1037 1090 eius,
1080 1019 1118 1074 ut
1152 1017 1304 1096 presente

162 1091 971 1248 qutlQ‘lffllelss‘s‘llmllmbimtlillmo
984 1095 1117 1245 tlt
1129 1114 1305 1263 iffi

163 1262 336 1350 diligenter
363 1266 559 1351 agnosomis,
587 1202 686 1330 etlarir
715 1202 814 1368 atqlle
840 1266 937 1332 etiam
962 1201 1171 1352 flagitamus.g
1179 1262 1303 1330 Notum

160 1348 271 1437 itaque
312 1348 407 1416 vobis
447 1348 587 1416 facimus
629 1347 898 1440 archiepiscopis,
941 1351 1139 1439 episeopis⁸,
1179 1347 1302 1436 presbi-

160 1435 248 1518 teris,
286 1433 488 1517 diaconibus,
521 1432 725 1535 'reliquoque
758 1434 854 1519 clero,
886 1457 1013 1502 necnon
1047 1445 1081 1503 et
1116 1433 1411 1519 comitibus,·1>.us.

161 1518 334 1601 iudicibus,
358 1520 510 1607 omnique
525 1517 614 1608 pleb1
642 1520 731 1608 quod
745 1519 833 1587 idem
847 1519 1009 1588 Iohannes
1023 1542 1112 1610 papa
1126 1541 1301 1620 oppressus

160 1626 181 1669 a
202 1603 401 1690 Berengario
423 1615 522 1693 atque
542 1570 731 1691 Adelberto,
752 1604 927 1673 rebellibus
948 1607 1078 1690 nostris,
1100 1606 1190 1672 misrt
1204 1602 1300 1672 nobis

160 1694 195 1754 'm
218 1689 396 1756 Saxoniam
418 1691 558 1774 nuutios,
580 1711 710 1778 rogans,
738 1703 775 1758 ut
801 1691 844 1759 ob
871 1713 1016 1760 amorem
1043 1690 1096 1758 dei
1117 1692 1152 1756 in
1172 1687 1300 1758 Iulium

161 1775 357 1856 veniremus,
380 1786 413 1842 et
434 1773 586 1843 eclesiam
608 1778 713 1843 saneti
734 1776 824 1844 Petri
852 1798 892 1842 ac
917 1799 952 1844 se
979 1778 1088 1867 ipsum
1115 1798 1158 1843 ex
1186 1797 1299 1842 eorum

160 1858 307 1926 faucibus
339 1860 562 1928 liberaremus.
616 1861 684 1929 Nos
721 1884 800 1929 vero
831 1861 1008 1930 adiuvante
1047 1860 1108 1929 deo
1142 1871 1300 1950 quantum

160 1943 343 2030 fecerimus,
366 1966 431 2012 uon
454 1957 504 2013 est
524 1968 658 2014 necesse
680 1947 796 2031 dioere,
819 1948 910 2014 utin
934 1948 1148 2016 resentimum'
1169 1945 1299 2015 videtis.

160 2029 303 2131 Ereptus
324 2053 403 2098 vero
425 2053 500 2099 mea
521 2052 622 2119 opera
643 2055 687 2100 ex
701 2055 813 2099 eorum
828 2054 918 2099 mam
940 2056 990 2118 us,
1012 2045 1045 2101 et
1058 2033 1173 2100 honori
1188 2031 1299 2100 debito

159 2124 336 2200 restitutus,
365 2115 484 2184 oblitus
510 2118 684 2186 iuramenti
712 2128 744 2186 et
770 2116 944 2201 fidelitatis,
994 2139 1071 2184 uam
1098 2117 1178 2184 mihi
1200 2139 1301 2206 supra

160 2222 279 2290 corpus
309 2203 414 2269 sancti
440 2203 531 2270 Petri
556 2203 721 2292 promisit,
746 2203 898 2271 eumdem
918 2141 1132 2292 rudpertum
1160 2201 1300 2270 Romam

159 2287 271 2354 venire
293 2287 379 2368 lecit,
400 2299 434 2354 et
455 2297 567 2355 contra
588 2310 641 2355 me
663 2286 818 2372 defendit,
841 2287 1015 2357 seditiones
1031 2288 1118 2372 feeit,
1141 2299 1175 2355 et
1187 2287 1300 2356 viden-

160 2371 249 2438 tibus
270 2373 389 2439 nostris
411 2371 568 2440 militibus
596 2372 666 2440 dux
693 2371 771 2440 belli
798 2373 914 2456 faetus,
942 2372 1044 2441 lorica
1070 2386 1104 2440 et
1129 2370 1223 2461 galea
1250 2385 1300 2442 est

159 2456 305 2540 indutus,
358 2457 424 2524 uod
457 2459 639 2546 superbos
666 2470 779 2526 sancta
807 2458 952 2548 synodus
980 2458 1142 2542 deoernat,
1172 2456 1304 2525 edicat«

160 2541 215 2608 Ad
244 2541 325 2609 bueo
383 2544 492 2610 omani
520 2544 692 2633 pontifices
721 2542 866 2634 reliquus
887 2567 930 2612 ue
962 2543 1068 2613 olerus
1100 2555 1134 2610 et
1162 2551 1298 2610 eunetis

161 2627 302 2728 populus
330 2629 581 2718 responderunt:
615 2629 812 2698 ‘inauditum
919 2653 959 2697 us
986 2629 1131 2697 inaudito
1153 2638 1204 2695 est
1224 2649 1298 2694 oau-

159 2726 241 2779 teno
274 2714 487 2781 exurendum.
533 2715 570 2782 si
602 2715 764 2804 eonuptis
797 2713 942 2782 moribus
975 2713 1035 2782 soli
1066 2712 1138 2797 sibi,
1173 2722 1298 2782 elnon

160 2800 287 2866 eunctis
309 2799 447 2882 obesset,
470 2822 602 2889 quoquo
625 2801 744 2867 modob
766 2800 952 2868 tolerandus
966 2812 1058 2868 esset
1103 2800 1194 2884 Quot
1230 2800 1299 2867 rius

160 2885 241 2950 uasti
262 2883 358 2951 buius
385 2884 462 2950 faeti
488 2896 564 2953 sunt
591 2887 772 2953 imitatione
797 2884 937 2954 incesti?
969 2886 1058 2970 Quot
1083 2885 1180 2975 probi
1201 2823 1298 2952 luins

160 2967 312 3058 exemplo
335 2971 589 3037 conversationis
611 2983 687 3038 sunt
706 2970 863 3060 reprobi?
883 2972 1029 3038 Petimus
1044 2971 1157 3059 itaque
1171 2970 1297 3060 magni·

160 3053 309 3121 tudinem
337 3056 468 3144 imperii
495 3058 609 3139 vestri,
643 3067 845 3123 monstrum⁶
876 3055 957 3123 illud
985 3054 1074 3124 nulla
1101 3056 1220 3123 virtute
1247 3079 1295 3123 re-

160 3138 329 3229 demptum
351 3163 372 3206 a
392 3141 489 3227 vitiis,
511 3163 532 3207 a
554 3154 666 3210 saneta
692 3141 840 3208 Romana
867 3141 986 3210 eclesia
1013 3139 1100 3231 pelli,
1130 3139 1297 3230 aliumque

159 3223 231 3292 loeo
253 3226 323 3291 eius
345 3227 506 3310 constitui,
530 3227 586 3317 qui
607 3227 703 3294 nobis
730 3224 881 3315 exemplo
906 3227 1012 3295 bonae
1041 3227 1297 3295 conversationis

158 3332 289 3398 preesse
310 3309 418 3378 valeat
437 3321 471 3378 et
490 3312 660 3399 prodesse,
683 3312 744 3378 sibi
765 3324 854 3380 reote
874 3314 973 3399 uvat,
1000 3327 1040 3379 a'o
1059 3313 1143 3381 bene
1163 3312 1296 3380 vivendi

156 3395 252 3463 nobis
275 3395 462 3485 exemplum
479 3396 637 3548 prebeat.
681 3397 775 3464 'limo
795 3400 985 3488 imperator:
1018 3396 1158 3482 uoces,
1180 3397 1295 3548 infinit,

159 3481 257 3569 ‘quod
280 3481 400 3564 dicitis,
421 3482 477 3549 nib
524 3506 565 3550 ue
587 3484 710 3571 gratius
730 3483 836 3569 nobis,
860 3505 957 3572 quam
979 3495 1018 3551 ut
1036 3482 1120 3566 talis,
1165 3484 1200 3549 ui
1240 3482 1294 3549 uio

159 3575 289 3634 sanctae
312 3577 345 3633 et
365 3505 542 3635 universdr·
563 3567 633 3636 sedi
654 3577 863 3659 preponatur,
883 3569 1024 3636 inveniri
1043 3506 1166 3657 possitl

84 3728 96 3739 .
246 3651 297 3718 15.
336 3651 399 3719 His
430 3652 541 3737 dietis,
575 3676 688 3721 omnes
720 3676 786 3720 una
817 3675 898 3722 vooe
930 3654 1098 3723 dixerunt:
1128 3651 1361 3738 monemur.)

157 3735 378 3804 venerabilem
395 3751 525 3806 sanotae
535 3739 702 3806 Romanae
718 3739 853 3808 eclesiae
863 3739 1172 3830 protoscriniarium,
1186 3738 1294 3806 virum

157 3822 375 3923 approbatum
397 3823 492 3925 etad
514 3846 677 3890 summum
692 3825 864 3893 sacerdotii
879 3824 1018 3927 gradum
1031 3822 1179 3912 dignum,
1199 3823 1294 3892 nobis

156 3907 784 4083 ttffltttltsstptttttt
799 3908 1294 4084 0t¹¹3tttt²¹¹t¹tt²1ttttt

157 4080 333 4166 apostate’!
358 4077 509 4169 Cumque
529 4077 592 4146 hoo
613 4081 710 4148 tertio
732 4102 844 4148 omnes
865 4080 1033 4166 dixissent,
1054 4091 1219 4149 annuente
1234 4080 1293 4147 im·

156 4204 181 4260 a)
197 4218 240 4248 vos
255 4208 311 4249 deest
328 4210 349 4250 1.
366 4209 388 4252 2.
403 4208 443 4250 rol.
503 4206 528 4262 b)
544 4209 599 4251 mod
615 4211 637 4253 1.
698 4208 721 4263 o)
736 4214 854 4253 montrum
870 4211 891 4252 1.

157 4300 186 4371 1)
205 4305 266 4359 Non
286 4305 397 4359 fluvium
417 4305 466 4360 sed
487 4305 616 4377 oppidum
637 4305 713 4374 dicit,
732 4305 805 4376 quod
824 4306 906 4360 bodie
927 4306 1016 4360 'rivoli
1035 4305 1199 4377 appellatur.
