2932 4718
207 250 243 303 98
321 319 325 328 .
351 248 585 305 mouentum
604 247 870 303 tmeronosm.
908 247 983 302 LIB.
1001 247 1059 312 IV..
1090 247 1211 302 30-88.

145 438 197 483 ase.
208 431 338 510 tempus
380 419 541 508 expectat
598 416 761 484 Malum
802 419 888 484 enim
932 417 1098 484 rusticana
1139 415 1348 506 simplicitate

45 574 53 581 ,
208 505 333 591 laetari,
372 506 486 594 *quem
524 501 675 570 Tulliana
709 503 828 570 facetia
864 502 1060 591 periclitari'.
1117 502 1180 570 His
1217 501 1349 587 auditis,

75 615 98 658 r·
116 602 168 648 ⁸¹⁴·
209 589 435 659 fleverardum
456 600 555 690 atquo
577 586 798 656 Gislebertum
819 588 984 655 hominem
1005 598 1121 656 exutos
1136 611 1218 672 esee,
1240 588 1348 677 primo
1460 629 1462 633 <

208 677 335 766 impetu
361 676 530 758 nuntiavit,
557 671 794 762 volentemque,
822 671 960 762 qualiter
984 672 1048 741 hoc
1077 674 1242 757 acciderit,
1274 693 1349 762 pro·
1453 696 1456 700 ·

209 763 313 850 sequi,
339 781 401 827 rex
431 781 533 826 manu
565 780 639 826 com
663 760 777 842 escuit,
809 780 849 825 ac
882 780 962 826 mox
990 758 1031 826 de
1057 780 1142 848 equo
1168 757 1349 842 descendit,

209 867 356 935 seseque,
378 865 454 912 cum
474 842 618 911 lacrimis
639 782 701 912 deo
724 845 846 934 gratias
860 866 972 933 agens,
994 845 1030 910 in
1046 846 1226 912 orationem
1248 840 1351 911 dedit.

210 931 287 1020 Qua
306 928 449 1021 expleta,
470 929 621 1010 sumexit,
643 939 742 1019 atque
764 930 880 996 itinere
903 951 969 1018 quo
983 940 1116 1018 ceperat
1131 928 1193 996 deo
1208 950 1245 996 se
1260 948 1349 996 com·

206 1015 440 1085 'mendammm
462 1013 507 1116 ed
526 1013 679 1082 eclesiam
699 1013 814 1082 tendit.
1062 1101 1070 1116 ·

14 1210 20 1219 -
104 1277 108 1282 ,
139 1096 1355 1276 <¹⁸⁴..ahaitid.,*tttdttlttsstttttttt“att

210 1272 392 1341 conamine.
434 1268 558 1337 Volens
571 1269 683 1359 itaque
699 1293 769 1354 rex,
790 1279 827 1336 ut
841 1269 1117 1361 quemadmodum
1132 1268 1353 1336 tribulationie

231 1357 382 1426 reteritae
414 1355 461 1422 ita
489 1363 522 1422 et
547 1352 675 1422 laeticie
724 1357 863 1423 retentis
883 1355 976 1424 fieret
996 1356 1171 1457 particeps,
1204 1353 1352 1442 sequenti

234 1444 273 1528 ὀ,
310 1450 434 1543 quanta
471 1460 551 1530 erga
589 1462 665 1508 eum
697 1378 849 1508 dominus
878 1440 1038 1509 beneficia
1072 1442 1187 1529 egerit,
1209 1438 1354 1518 ¹nunciis
1427 1479 1433 1510 ι

210 1527 343 1596 directis
364 1527 526 1627 apperuit.
572 1523 636 1592 Cui
657 1527 756 1594 etiam
782 1528 1056 1615 inaugmentum
1083 1525 1244 1607 laeticiae,
1272 1544 1352 1612 quo-

209 1615 298 1681 niam
325 1609 510 1698 oomugali⁸
539 1610 672 1678 minime
701 1611 874 1679 tenebatur
902 1611 1043 1695 viuculo,
1072 1608 1283 1677 demandavit
1310 1629 1351 1674 ao

210 1700 392 1765 iuramento
415 1695 604 1784 promittere
626 1697 712 1780 fecit,
734 1707 772 1763 ut
793 1698 820 1762 si
843 1719 988 1774 sororem
1010 1717 1115 1778 suem,
1137 1693 1261 1762 scilicet
1275 1692 1352 1762 Gie-

210 1783 325 1852 leberti
345 1802 493 1865 uxorem,
520 1779 640 1847 babere
660 1791 783 1872 posset,
813 1803 885 1848 eam
913 1779 960 1848 illi
987 1783 1139 1868 coniugio
1166 1779 1351 1869 copularet3

212 1867 301 1958 quod
323 1866 481 1933 siminus
502 1864 704 1953 procederet,
725 1867 828 1954 ipsius
851 1864 1027 1934 Gieleberti
1049 1888 1092 1932 ex
1110 1864 1226 1932 eadem
1240 1885 1352 1931 sorore

210 1953 364 2042 genitam,
387 1973 485 2052 quam
508 1973 629 2040 poenes
652 1973 689 2018 se
712 1950 880 2034 babuerat,
902 1953 969 2018 fere
990 1952 1056 2018 iem
1069 1948 1232 2034 nubilem,
1255 1949 1352 2016 mari·

210 2037 268 2105 tali
289 2038 319 2104 ei
342 2036 497 2123 comugio
518 2034 669 2103 traderet.
715 2034 788 2119 Quo
807 2036 928 2120 audito,
950 2035 1124 2104 Bertaldus
1139 2037 1287 2101 inmenso
1302 2043 1354 2101 est

211 2121 333 2214 gaudio
365 2122 518 2204 affectus,
557 2119 719 2210 elegitque
750 2123 861 2210 potius
893 2121 1038 2188 nondum
1071 2119 1216 2188 nubilem
1249 2117 1352 2186 filiam

176 2240 178 2245 ·
212 2219 398 2297 expectare,
419 2228 518 2294 quam
539 2217 686 2289 matrem,
709 2229 793 2296 quae
814 2209 880 2272 iem
901 2216 1069 2296 nupserat,
1089 2204 1200 2274 tollere
1207 2217 1231 2271 ¹.

209 2371 215 2380 ι
297 2293 349 2360 32.
393 2290 582 2359 Fridericus
607 2292 749 2380 denique
776 2292 1056 2379 Magouciaoeusis
1085 2289 1221 2358 eclesiae
1248 2288 1381 2357 archi·-

61 2441 71 2466 ‚
214 2379 398 2469 episcopus,
421 2377 515 2443 cuius
537 2375 673 2442 consilio
700 2377 930 2465 episcoporum
958 2375 1104 2444 nonnulli
1126 2397 1236 2466 regem
1259 2374 1353 2442 dirui·
1438 2425 1441 2429 -

51 2469 96 2552 ᾗ
165 2535 168 2541 ,
213 2472 321 2531 eerant
353 2472 391 2528 ut
412 2483 511 2551 quam
532 2460 656 2529 occulte
677 2460 826 2551 gestabat
846 2463 913 2528 iam
933 2461 1107 2530 infidelitas
1122 2461 1247 2528 cunctis
1261 2462 1353 2548 pate·

45 2550 55 2564 ’
212 2559 273 2633 ret,
308 2511 422 2616 decem
458 2548 560 2614 ferme
596 2557 671 2613 aute
690 2547 1003 2635 prenominatorum
1035 2546 1151 2614 diebus
1185 2546 1354 2612 interitum

213 2654 325 2722 regem
347 2631 501 2715 deseruit,
520 2653 560 2697 ao
580 2632 616 2698 M
660 2632 787 2699 onoiem
809 2634 957 2700 concitus
979 2633 1082 2717 venit3
1109 2635 1143 2699 in
1165 2651 1230 2720 qua
1250 2628 1353 2696 nichil

213 2729 368 2800 moratum,
400 2718 581 2785 Meteusem
606 2739 646 2782 ur
668 2738 720 2784 em
748 2717 843 2784 adita
897 2717 959 2783 Dis
984 2727 1116 2785 osuerat
1146 2716 1233 2783 enim
1265 2716 1355 2804 regis

212 2803 313 2870 irater
340 2803 526 2884 Heinricus,
559 2801 770 2870 redeuntibus
801 2803 934 2870 Hevera
974 2825 994 2869 o
1025 2814 1124 2890 etque
1158 2799 1353 2885 Gisleborto,

214 2910 289 2954 oum
321 2887 437 2955 eodem
469 2885 636 2954 Friderico
668 2887 765 2954 isthic
796 2889 977 2955 exercitum
1000 2909 1208 2976 congregare,
1240 2886 1353 2976 sicque

214 2974 285 3078 regi
299 2973 333 3037 in
349 2971 474 3038 Alsatia
487 2972 619 3060 degenti
633 2971 756 3039 bellum
770 2974 952 3040 maximum
965 2973 1172 3062 prepararet.
1203 2969 1354 3060 Cumque

214 3055 268 3123 illo
290 3059 492 3147 pervenisset
519 3058 703 3125 nominatus
729 3057 1004 3148 archiepiscopus,
1036 3059 1199 3146 insperate
1226 3068 1260 3124 et
1287 3078 1355 3124 non

216 3155 375 3231 oportune
405 3143 509 3210 nuntii
537 3143 567 3209 ei
596 3157 779 3224 occurrunt,
805 3146 862 3232 qui
891 3145 957 3209 iam
986 3142 1163 3233 prelibatus
1188 3142 1354 3230 principes

215 3241 318 3294 morte
347 3226 566 3295 intercedente
594 3249 660 3293 non
692 3229 803 3295 vivere
836 3229 958 3296 dicunt.
1003 3227 1077 3312 Quo
1100 3227 1221 3312 audito,
1243 3230 1354 3295 auimo

217 3323 451 3396 consternatus,
473 3313 552 3401 quid
572 3312 695 3379 faceret
716 3314 845 3400 ponitus
866 3314 1047 3402 ignorabat.

149 3411 206 3467 (lt)
303 3398 354 3464 33.
398 3398 471 3464 Rex
491 3399 615 3466 interea
635 3396 795 3464 Alsatiam
824 3398 987 3482 deserens,
1015 3399 1188 3465 Franciem
1214 3418 1296 3464 occu

216 3480 303 3549 bat⁰.
347 3481 451 3549 Cuius
473 3481 514 3549 ob
538 3492 660 3548 metum
689 3481 882 3569 Magonciae
912 3488 1000 3551 cives
1030 3483 1221 3551 redeuutem
1250 3503 1306 3548 am
1330 3482 1354 3533 '-

216 3568 409 3656 episcopum
430 3568 514 3634 intre
536 3569 625 3634 urbis
648 3570 777 3634 moenia
796 3590 863 3634 non
885 3569 1075 3658 suscipiunt.
1119 3567 1215 3636 Unde
1230 3566 1354 3633 iactum

217 3663 276 3737 est,
298 3662 421 3718 utnon
443 3653 544 3719 multo
564 3661 639 3742 post
660 3673 680 3717 a
700 3656 788 3754 regis
810 3652 963 3720 fidelibus
991 3666 1117 3744 captus,
1145 3663 1178 3720 et
1206 3661 1281 3718 ante
1303 3651 1354 3717 sui

216 3739 413 3826 presentiam
434 3737 604 3822 adductus,
627 3737 793 3806 custodiae
815 3739 912 3805 sitin
935 3738 1080 3807 Saxonis
1100 3738 1239 3806 traditus
1247 3746 1271 3802 ⁴.
1313 3735 1355 3802 ln

216 3902 241 3956 a)
258 3905 360 3954 cotugelt
378 3906 397 3944 l.
458 3902 483 3955 b)
499 3914 601 3956 prspere
617 3907 636 3947 1.
697 3901 719 3955 o)
737 3905 868 3946 occubebst
885 3908 907 3946 1.

221 4054 248 4122 1)
262 4056 383 4124 Amulio,
400 4055 464 4109 fillis
483 4057 541 4110 eius
555 4055 678 4120 deiectis,
698 4072 768 4110 anuo
782 4055 836 4108 938
850 4059 878 4108 in
893 4055 995 4109 ducatu
1007 4060 1186 4109 successerat.
1244 4050 1275 4123 2)
1288 4054 1356 4108 Ber·

216 4128 307 4182 taldm
326 4137 423 4198 postea
441 4129 523 4183 eliam
544 4131 690 4197 coniugem
704 4130 899 4198 (Biletrudesu)
920 4129 1029 4184 domae
1048 4129 1163 4182 videtur.
1226 4128 1257 4197 8)
1271 4128 1356 4184 cua·

218 4205 361 4272 episcopus
381 4204 518 4258 Adalbero
538 4207 632 4259 Ottcni
651 4211 716 4258 tuno
734 4206 938 4259 inimicissimus
958 4212 1026 4257 eret.
1118 4201 1149 4271 4)
1169 4201 1356 4258 widukindus

217 4276 304 4345 (110.
326 4279 373 4346 25)
395 4295 455 4332 eum
475 4279 663 4348 Hamburgum
684 4279 834 4348 relegatum
855 4294 916 4332 esse
935 4280 1027 4332 refert.
