2932 4718
245 248 478 303 LIUDPRANDI
496 247 761 303 aerumnosis.
798 246 873 300 uu.
893 246 942 300 IV.
980 243 1101 299 27-28.
1212 245 1247 296 et

112 418 274 504 ‘Consule
301 441 371 502 rex,
402 415 497 483 saluti
523 371 607 502 tuuis,
633 417 707 484 loca
733 417 813 484 baec
841 415 992 485 deserens
1015 424 1047 482 et
1070 415 1308 483 Saxoniamess.

112 520 235 595 petens.
279 503 348 571 Nec
370 500 453 568 clam
474 515 507 568 te
529 512 588 587 est,
611 503 700 605 quod
721 503 895 570 Heinricns
916 501 1015 570 frater
1035 512 1111 569 tuus
1126 497 1248 568 bellum

113 593 171 660 tibi
193 590 311 658 inferre
334 601 482 672 conetur,
516 591 572 676 qui
602 612 630 654 sr
659 600 726 655 tam
754 611 871 677 parvas
898 600 1008 655 tecum
1034 608 1106 654 esse
1135 587 1247 676 copias

113 678 257 760 senserit,
290 678 336 740 ita
364 675 464 740 irruet
491 675 688 773 repentinus,
721 685 758 740 ut
784 695 845 741 nec
870 673 1017 775 lugiermi
1044 671 1177 762 quidem
1206 673 1249 739 sit

111 761 212 829 locus.
266 758 384 825 Melius
417 771 467 826 est
496 759 598 845 igrtur
629 769 778 848 reparato
811 770 956 828 exercitu
989 760 1107 826 iterum
1132 757 1248 842 redire,

112 870 210 936 quam
241 856 298 912 aut
326 845 408 911 mori
441 844 567 927 misere,
600 856 657 910 aut
688 845 827 996 turpiter
850 843 981 932 iugere'.
1027 842 1156 927 Quibus
1189 865 1249 910 rex

111 930 345 1020 inperterritus,
375 941 411 996 ut
440 928 604 1018 quondam
638 931 705 996 suis
756 929 837 996 udas
870 940 1085 1018 cognomento
1117 927 1248 995 Mache

111 1016 209 1085 beus:
238 1014 374 1099 ‘Nolite',
403 1016 457 1098 ait,
489 1012 596 1081 ‘nolite
618 1014 696 1081 talia
721 1014 826 1116 loqui,
861 1015 947 1082 etsi
975 1013 1249 1103 adpropinquavit
1258 1026 1407 1080 mue-m·

111 1116 240 1192 tempus
272 1113 429 1184 nostrum,
461 1099 640 1166 moriamur
671 1102 703 1167 in
736 1112 865 1184 vrrtute,
902 1112 934 1167 et
969 1122 1034 1167 non
1071 1098 1248 1166 inieramus

112 1190 233 1255 crimen
256 1185 378 1274 gloriae
409 1197 547 1251 nostrae.
595 1184 713 1253 Melius
743 1198 793 1253 est
818 1186 904 1253 enim
934 1207 994 1274 pro
1019 1208 1099 1253 vera
1124 1184 1248 1250 iustitia

112 1284 249 1340 mortem
272 1270 392 1355 subire,
414 1293 514 1373 quam
529 1292 603 1337 eam
617 1270 772 1359 ffigiendo
787 1272 926 1360 turpiter
938 1271 1058 1340 vivere.
1095 1269 1248 1370 Denique

111 1361 138 1425 si
170 1357 242 1425 illos
277 1357 329 1424 dei
364 1356 556 1423 ordmationi
582 1357 778 1441 resistentes,
805 1355 965 1423 auxilium
994 1380 1015 1423 a
1040 1355 1248 1423 multitndrne

112 1443 181 1511 sola
213 1455 245 1510 et
273 1465 339 1509 non
367 1465 388 1507 a
415 1440 476 1508 deo
505 1453 682 1529 sperantes,
714 1443 833 1509 iniuste
861 1441 1001 1530 prelium,
1033 1442 1116 1508 mori
1145 1452 1178 1508 et
1205 1439 1248 1506 ad

110 1526 352 1596 irremissibiles
380 1524 491 1593 herebi
519 1548 641 1613 poenas
669 1525 866 1594 descendere
893 1528 993 1610 iuvat,
1022 1525 1249 1592 nichilominus

110 1637 169 1680 nos
191 1615 292 1679 immo
314 1613 423 1678 acrius
444 1633 591 1698 pugnare
607 1609 754 1696 delectet,
777 1613 834 1702 qui
854 1623 886 1680 et
901 1611 1031 1701 prelimi
1044 1633 1105 1764 pro
1120 1611 1249 1678 iusticia

112 1701 226 1783 securi,
249 1709 281 1765 et
303 1696 480 1786 preliando,
503 1697 531 1762 si
552 1718 623 1763 sors
645 1697 750 1764 carnis
779 1699 950 1766 universae
972 1698 1044 1764 acci
1067 1697 1136 1780 erit,
1159 1717 1249 1764 secu·

111 1786 178 1851 rius
215 1805 391 1872 possumus
428 1783 520 1848 mori.
575 1781 660 1848 Nam
696 1806 756 1871 pro
792 1784 922 1850 iusticia
957 1794 1168 1871 pugnaturos,
1206 1780 1248 1848 ob

111 1872 278 1959 copiarum
300 1869 499 1956 paucitatem
521 1881 596 1935 ante
619 1890 750 1956 pugnae
772 1891 814 1936 ex
838 1869 1030 1936 erimantum
1052 1879 1143 1957 terga
1160 1865 1248 1950 dare,

110 1954 171 2022 deo
194 1953 342 2021 diffidere
364 1952 430 2020 est’.
478 1951 542 2019 His
569 1952 665 2020 dictis
691 1976 757 2021 non
786 1893 891 2038 solum
918 1976 974 2022 eos
1002 1977 1023 2020 a
1051 1953 1149 2042 fugae
1175 1973 1249 2040 pro

109 2042 214 2129 posito
247 2040 421 2122 revocavit,
454 2060 568 2105 verum
602 2039 709 2123 etiam,
748 2049 784 2106 ut
815 2038 1023 2107 vehementer
1055 2048 1247 2127 pugnarent,

110 2127 258 2214 protinus
279 2124 444 2190 animavit

194 2211 247 2277 28.
291 2209 403 2277 Unum
417 2218 537 2293 autem,
558 2230 670 2292 unum,
692 2219 785 2299 pater
803 2210 943 2298 egregie,
965 2207 1062 2276 velim
1078 2207 1250 2297 diligenter
1259 2224 1316 2283 (rs.)

110 2294 282 2378 adtendas,
319 2294 408 2384 quod
441 2316 516 2360 cum
552 2294 703 2379 audieris,
736 2293 810 2383 plus
842 2317 917 2362 eum
949 2294 1049 2360 animi
1081 2294 1248 2383 passiones

110 2403 207 2470 quam
235 2379 344 2447 hostes
372 2380 490 2446 vicisse
519 2380 698 2447 miraberis.
749 2378 949 2447 Huiusmodi
975 2381 1106 2447 vincere
1135 2378 1248 2446 adver·

109 2467 221 2550 serios,
243 2467 448 2553 permittente
471 2465 543 2546 deo,
565 2486 811 2554 nonnumquam
834 2477 866 2532 et
886 2477 1074 2553 peccatores
1095 2475 1247 2554 possunt3

110 2552 336 2617 inconcussam
357 2562 467 2617 autem
488 2549 589 2616 animi
615 2562 725 2617 tenere
750 2553 912 2635 virtutem,
938 2552 1104 2640 prosperis
1125 2548 1249 2618 scilicet

109 2658 175 2703 non
198 2634 317 2703 elevari
339 2646 372 2703 et
392 2635 538 2702 adversis
559 2657 626 2701 non
654 2635 770 2723 frangi,
797 2635 1016 2724 perfectorum
1042 2634 1248 2703 solummodo

110 2733 168 2789 est.
212 2719 303 2788 Audi
324 2721 426 2807 igitur
447 2722 482 2786 in
503 2732 592 2787 tanta
612 2720 675 2787 bac
704 2721 881 2788 fluctuante
908 2719 1061 2810 procella,
1084 2743 1150 2811 quo
1171 2719 1248 2788 fidei

110 2828 210 2908 snpra
231 2817 365 2894 petram
389 2828 475 2895 quae
490 2803 640 2872 Christus
662 2817 719 2892 est,
743 2806 786 2873 sit
799 2807 915 2874 ardore
929 2806 1095 2874 fundatus.
1129 2805 1248 2875 Comes

111 2891 245 2981 qmdam
277 2904 355 2958 tunc
383 2890 533 2979 predives
557 2912 668 2958 secum
691 2903 768 2978 erat,
794 2895 888 2959 cuius
909 2890 1085 2959 multitudo
1106 2891 1247 2959 militum

109 2976 197 3064 regis
219 2977 323 3043 aciem
346 2974 593 3044 condecorabat
636 2976 703 3043 Hic
729 2979 840 3066 itaque
869 2977 993 3061 videus,
1022 2999 1121 3067 quarn
1149 2975 1248 3065 pluri-

110 3084 181 3128 mos
203 3084 247 3129 ex
267 3063 354 3148 regis
376 3063 445 3129 acie
467 3062 647 3130 desertores
667 3085 708 3129 ac
730 3063 914 3152 transfugas
928 3062 1009 3148 fieri,
1031 3084 1097 3129 non
1118 3063 1248 3131 interio-

111 3168 181 3214 rem
218 3145 275 3214 sed
312 3149 507 3215 exteriorem
549 3147 758 3215 considerans
793 3149 972 3232 hominem,
1013 3151 1131 3215 tacitus
1166 3146 1248 3215 baec

110 3254 221 3299 secum
256 3230 387 3300 volvere
420 3236 520 3322 cepit:
553 3233 732 3334 ‘Quicquid
759 3254 870 3321 regem
903 3235 938 3299 in
970 3233 1032 3300 hac
1063 3233 1248 3301 turbatione

111 3317 322 3385 constitutum
344 3318 478 3406 petiero,
500 3319 570 3384 sine
592 3318 692 3385 dubro
715 3317 906 3408 impetrabo,
952 3320 1099 3386 resertim
1112 3340 1198 3385 cum
1215 3329 1249 3387 et

110 3425 185 3472 acre
218 3401 340 3470 bellurn
372 3403 467 3471 nobis
499 3404 675 3487 immineat,
711 3425 751 3471 ac
786 3426 828 3472 ne
861 3427 896 3473 se
929 3341 1080 3472 deseram
1115 3405 1247 3471 timeat.

109 3487 240 3555 Nuntiis
262 3489 273 3553 i
332 3511 373 3556 ue
395 3488 536 3573 directis,
558 3490 629 3590 regi
651 3487 823 3591 supplicat,
843 3500 880 3556 ut
901 3487 1067 3558 abbatiam
1081 3488 1247 3579 quandam

110 3571 299 3641 Laresheim
346 3575 492 3660 'ctam¹·,
515 3573 638 3676 prediis
660 3574 864 3659 drtrssimam,
894 3576 925 3643 ei
946 3574 1118 3660 concedat3
1152 3575 1246 3642 cuius

109 3658 370 3748 possessionibus
391 3660 480 3749 quod
502 3660 565 3728 srbi
586 3660 698 3728 deerat
723 3683 763 3727 ac
790 3660 947 3729 militibus
975 3662 1042 3728 suis
1064 3660 1247 3728 ministrare

108 3743 283 3832 prevaleat
337 3744 410 3812 Rex
442 3756 561 3828 autern,
587 3744 778 3814 columbina
805 3768 872 3814 non
898 3744 1004 3814 solum
1030 3745 1248 3814 recuteret

108 3829 281 3919 vipperina
302 3827 476 3898 calliditate
498 3831 735 3917 suffarcinatus,
757 3853 824 3899 non
837 3832 900 3900 boc
915 3830 1005 3922 quod
1018 3830 1246 3921 portenderetb

109 3914 365 3984 animadvertere
397 3915 530 3984 minime
563 3918 682 4006 potuit3
719 3917 807 3986 unde
839 3930 872 3986 et
902 3916 1090 3985 huiusmodi
1121 3914 1244 3983 nuntiis

108 4098 133 4202 p)
149 4100 171 4202 la
183 4100 252 4202 dtuli
266 4111 336 4153 nara.
354 4103 374 4142 1.
390 4101 468 4143 duam
484 4102 505 4143 t.
522 4102 664 4146 lauresheim
681 4104 701 4145 ¹.
718 4101 861 4148 lamentetur
877 4105 915 4146 vel
932 4102 1058 4146 loresheim
1074 4101 1097 4146 b.
1153 4098 1178 4155 b)
1194 4110 1245 4154 por·

125 4169 155 4203 err
171 4170 212 4204 ere
251 4187 258 4201 .
855 4166 859 4173 '

111 4291 139 4363 1)
158 4293 271 4359 Lorscb,
291 4295 337 4348 ubi
359 4295 460 4349 Editbs
479 4297 575 4365 regina
593 4303 660 4350 tunc
680 4299 904 4352 commorabatur.
