2932 4718
267 222 502 277 LlUDPRANDI
521 220 789 277 ambranosls.
827 220 902 275 LIB.
920 222 953 275 V.
995 223 1114 277 18-10.
1210 224 1263 278 109

118 398 207 463 eius’.
252 392 350 478 Quod
372 403 405 459 et
425 391 548 458 faomm
570 404 628 459 est.
672 392 796 458 Verum
819 404 977 481 quantum
1006 392 1066 459 tibi
1088 392 1205 460 bacin
1226 417 1262 461 re

121 479 276 564 obfueris,
300 477 393 544 stilus
415 486 525 543 noster
548 478 614 543 suis
637 474 773 543 inlotis
796 479 988 566 oportunius
1010 478 1183 545 enarrabit.

205 567 254 632 18.
288 563 461 650 Tempore,
492 584 557 652 quo
584 563 804 650 Berengarius
831 563 874 630 ab
900 562 997 629 Italia
1022 562 1131 664 fugiit,
1161 585 1314 653 quen-(t.)

116 650 193 718 dnm
215 671 327 715 secum
348 647 515 714 Amedeus
536 648 669 713 nomine
690 645 826 714 militem
850 646 954 733 duxit,
983 646 1147 737 adprime*
1168 649 1329 752 ¹¹⁰bi³⁹i⁸3
1346 709 1402 752 md

115 735 190 818 lem,
232 744 265 800 et
297 743 334 799 nt
390 732 578 799 osttnodum
610 730 736 815 claruit,
776 754 844 800 non
876 732 975 801 Ulixe
1008 731 1185 802 calliditate
1219 755 1259 800 ac
1299 741 1337 754 ‘⁴
1403 721 1424 754 ⁸·

116 819 297 887 temeritate
318 820 352 884 in
367 820 515 885 eriorem.
558 816 770 883 Fortissimus
792 840 853 885 rex
875 815 954 885 Otto
981 838 1065 902 cum,
1095 818 1259 886 nonnullis

115 904 282 994 inpeditus
304 902 412 987 rebus,
435 914 507 968 tum
529 903 703 991 quotannis
726 902 768 968 ab
791 903 934 992 Hugone
963 925 1041 991 rege
1067 906 1258 972 muneribus

114 991 271 1057 inmensis
294 988 480 1071 delinitus¹,
502 987 701 1075 Berengario
732 1009 771 1053 co
796 989 846 1055 ias
872 998 1017 1076 prestare
1046 1010 1113 1055 non
1135 1003 1258 1077 posset,

114 1077 126 1141 i
151 1099 185 1143 se
209 1097 306 1164 quem
328 1073 473 1163 prefatus
496 1095 568 1139 suni
589 1073 756 1140 Amedeus
809 1073 1014 1160 erengarium
1029 1073 1075 1140 ita
1090 1076 1258 1143 convenit:

117 1168 126 1204 ‘
161 1182 203 1227 on
226 1159 309 1226 clam
332 1174 364 1226 te
387 1170 443 1240 est,
467 1156 598 1224 domine
620 1160 676 1241 mi,
699 1180 797 1247 quam
820 1159 963 1225 invisum
989 1181 1050 1225 rex
1071 1157 1173 1248 Hugo
1200 1160 1260 1226 im·

114 1247 206 1332 perio
239 1249 274 1312 se
307 1244 389 1311 duro
418 1243 541 1310 Italicis
571 1244 698 1309 cunctis
728 1244 887 1328 effecerim
924 1244 1094 1344 presertim
1122 1265 1199 1311 cum
1226 1255 1260 1312 et

115 1330 372 1397 concubinarum
387 1327 462 1395 liliis
476 1350 516 1394 ac
531 1327 823 1415 Burgundionibus
843 1331 885 1396 sit
900 1327 1075 1416 dignitates
1089 1328 1225 1418 largitus
1234 1341 1258 1416 ²,

115 1438 176 1482 nec
197 1413 282 1480 ullus
304 1415 490 1482 inveniatur
511 1410 655 1497 Italicus,
701 1414 736 1479 ui
750 1426 807 1481 aut
822 1412 980 1502 expulsus
995 1423 1132 1481 autnon
1152 1414 1258 1502 digni-

114 1499 236 1567 tatibus
260 1497 410 1565 omnibus
433 1500 475 1565 sit
496 1500 655 1586 privatus.
729 1510 743 1564 t
766 1499 856 1587 quod
876 1499 912 1564 in
926 1520 1038 1586 regem
1052 1521 1119 1566 non
1134 1498 1259 1589 aliquid

115 1584 302 1667 moliuntur,
325 1584 406 1650 haec
429 1594 608 1666 causaest,
631 1585 786 1671 quoniam
809 1583 953 1685 quidem,
977 1604 1075 1671 quem
1099 1583 1162 1652 sibi
1183 1607 1259 1652 con·

114 1671 250 1738 stituant
295 1670 465 1758 rincipem,
494 1691 561 1734 non
589 1668 719 1735 babent.
769 1668 805 1736 Si
827 1681 938 1758 itaque
967 1678 1117 1736 nostrum
1138 1669 1258 1759 aliquis

114 1766 239 1822 mutato
271 1693 404 1837 babitu,
440 1776 482 1821 ne
518 1766 778 1840 agnosseeretur,
820 1757 860 1822 eb
897 1753 1044 1821 tenderet
1080 1776 1259 1845 eorumque

113 1839 316 1907 voluntatem
337 1840 526 1992 inCpuireret,
550 1837 721 1905 consilium
742 1838 839 1906 nobis
861 1837 975 1927 procul
1001 1837 1103 1906 dubio
1133 1839 1259 1907 bonum

115 1923 322 2014 exculperet.
386 1926 442 1989 ui·
460 1922 694 2012 Berengarius:
718 1924 795 2009 ‘Te’,
809 1925 924 2013 inquit,
940 1931 1028 1990 ‘cum
1043 1925 1258 2011 commodius,

112 2021 183 2077 tum
212 2032 309 2076 nemo
332 2020 442 2098 potest
466 2009 574 2077 facere
603 2007 738 2076 melius'.
792 2009 900 2112 igitur
931 2007 1099 2076 Amedeus
1131 2021 1257 2079 mutato

114 2095 237 2179 habitu,
265 2116 341 2160 cum
369 2092 581 2183 pauperibus,
633 2096 667 2160 ui
697 2096 852 2161 oratioms
881 2095 989 2182 gratia
1016 2093 1157 2160 Romam
1185 2117 1258 2196 per·

112 2193 204 2268 gunt,
239 2181 379 2247 Romam
436 2180 507 2245 nasi
542 2118 750 2269 prodetur-us
796 2179 927 2248 Italiam
962 2178 1054 2266 petit,
1089 2181 1257 2282 principes

114 2266 275 2350 convenit,
297 2275 330 2332 et
352 2202 435 2354 quid
447 2265 672 2353 unusquisque
687 2229 779 2332 cordi
793 2264 928 2333 baberet
941 2263 1126 2352 inquisivrt;
1149 2287 1257 2368 neque

112 2353 199 2417 enim
222 2350 338 2417 eodem
361 2350 512 2416 omnibus
536 2373 570 2416 se
592 2350 707 2418 babitu
729 2347 932 2434 ostendebat,
953 2349 1151 2437 nuncniger
1167 2349 1257 2436 ahil,

112 2434 299 2503 subrubeus
334 2434 400 2519 alii,
439 2433 626 2500 maculosus
658 2433 713 2500 alii
745 2433 929 2503 videbatur.
986 2433 1111 2500 Verum
1148 2434 1256 2522 ‘fama

113 2520 236 2606 malum
266 2543 331 2609 quo
359 2543 426 2586 non
454 2519 593 2587 velotius
622 2518 726 2586 ullum
755 2517 935 2587 mobilitate
956 2519 1055 2607 viget
1064 2529 1088 2603 ⁸,
1119 2541 1195 2587 enm
1221 2522 1258 2588 in

112 2605 208 2672 Italia
237 2627 318 2689 esse,
352 2602 489 2671 auribus
516 2606 603 2692 regis
631 2605 781 2673 innotuit.
837 2604 944 2687 Quem
976 2603 1054 2670 dum
1084 2603 1258 2692 diligenter

111 2688 240 2757 iuberet
269 2691 304 2756 in
328 2691 444 2773 uirere,
476 2690 548 2778 ipse
600 2689 740 2756 rolixam
770 2699 804 2758 et
829 2688 1084 2779 pulcherrimam
1116 2688 1256 2758 barbam

135 2776 185 2842 ice
207 2774 290 2842 adeo
305 2713 485 2858 (defedavit,
508 2797 547 2840 ca
606 2797 642 2841 os
664 2775 852 2843 subaureos·
867 2773 1038 2864 nigredine
1059 2775 1255 2861 immutavit,

109 2799 220 2928 lbtiem
247 2860 445 2950 deturpavit,
474 2798 615 2927 debilem
643 2860 769 2945 fincxit,
802 2859 884 2928 adeo
911 2868 948 2925 ut
976 2860 1061 2925 inter
1082 2883 1254 2949 pauperes,

110 2947 198 3034 regis
225 2947 259 3010 in
288 2947 453 3034 presentia
481 2946 698 3029 comedentes,
728 2968 763 3013 se
789 2947 860 3032 regi
889 2942 1015 3010 nudum
1038 2944 1253 3032 ostenderet⁰,
1349 2958 1355 2970 “

109 3041 145 3097 et
165 3040 293 3097 vestem
311 3031 414 3098 abeo
445 3053 509 3118 qua
535 3030 726 3098 indueretur
752 3031 925 3120 acciperet,
953 3039 987 3096 et
1038 3029 1174 3120 uicquid
1193 3053 1255 3099 rex

113 3116 155 3182 de
176 3115 375 3204 Berengario
399 3126 487 3184 etse
509 3117 582 3205 ipso
608 3115 797 3206 loqueretur
810 3113 958 3182 ¹audiret
1045 3136 1084 3182 oc
1112 3114 1255 3205 deniqne

111 3199 211 3266 modo
245 3201 372 3266 cunctis
404 3200 651 3289 diligentissime
683 3201 904 3290 perscrutatis,
940 3220 1007 3265 non
1039 3199 1156 3268 eodem
1187 3223 1254 3291 qno

111 3297 248 3352 venerat
279 3284 377 3351 modo
411 3308 486 3350 cum
519 3286 701 3353 oratoribus
737 3295 788 3352 est
822 3305 1001 3373 regressus.
1058 3285 1257 3376 Preceperat

111 3371 199 3437 enim
220 3393 280 3437 rex
306 3369 471 3436 clusarum
501 3369 701 3454 custodibus,
730 3392 771 3437 ne
801 3370 990 3470 quempiam
1017 3371 1155 3438 mandre
1182 3394 1255 3462 per-

112 3455 286 3538 mitterent,
309 3456 372 3521 nisi
394 3457 495 3544 prius,
519 3458 593 3544 quis
614 3467 709 3538 esset,
731 3455 880 3544 diligenti
904 3455 1155 3544 investigatione
1182 3478 1255 3546 per·

110 3541 288 3628 qnirerent.
339 3540 437 3624 Quod
466 3539 633 3608 Amedeus
662 3539 809 3624 audiens,
843 3562 903 3628 per
929 3540 1021 3606 invia
1048 3539 1190 3629 quedam
1223 3551 1257 3609 et

110 3646 230 3714 aspera
250 3624 331 3691 nulli
352 3625 515 3692 custodita
536 3625 608 3692 loca
629 3626 826 3715 pertransiit,
848 3623 1005 3714 atquead
1018 3624 1256 3715 Berengarium

110 3731 190 3776 cum
212 3732 252 3778 ea
295 3732 373 3776 uam
394 3709 507 3776 audire
529 3710 633 3778 voluit
651 3709 683 3777 le
705 3711 814 3777 'tione
836 3710 997 3799 pervenit.
1162 3783 1165 3788 ,
1276 3737 1284 3750 “

201 3796 251 3861 19.
321 3817 360 3862 oc
381 3797 416 3861 in
437 3807 504 3862 tem
530 3817 585 3863 ore
607 3816 668 3863 rex
722 3816 788 3896 ugo
810 3793 896 3862 datis
918 3794 1033 3863 decem
1046 3814 1256 3861 nummorum
1288 3856 1289 3859 ,

112 3878 232 3946 modiis
254 3902 372 3969 pacem
394 3901 469 3946 cum
491 3818 672 3970 dungariis
693 3879 780 3965 fecit,
809 3902 893 3981 quos
921 3879 964 3946 ab
992 3877 1090 3946 Italia
1109 3880 1273 3974 coaptis,
1352 3949 1354 3954 ,
1431 3919 1433 3922 ·

110 3961 283 4031 obsidibus
315 3964 453 4055 expulit,
485 3975 585 4055 atque
616 3965 664 4062 in
683 3963 879 4054 Hispaniam
908 3964 984 4032 dato
1011 3964 1059 4032 eia
1088 3964 1255 4053 preduce·¹

113 4088 138 4142 a)
156 4088 190 4132 cn
207 4092 228 4133 t.
289 4090 314 4144 b)
338 4094 393 4136 alit·
413 4094 544 4137 snbntnens
565 4094 620 4136 alit·
640 4103 673 4135 tn.
696 4093 751 4135 aliis
770 4104 795 4136 v.
811 4094 835 4137 a.
855 4093 893 4138 ta.
955 4089 977 4143 c)
991 4102 1018 4135 se
1034 4093 1085 4144 ml
1105 4092 1255 4136 summatum

110 4150 250 4194 ostenderet
265 4153 343 4194 auius
357 4153 424 4194 terta
442 4155 523 4196 coetae
538 4153 562 4196 8.
624 4151 648 4204 d)
664 4153 795 4206 perducas
810 4152 1016 4205 contentusero
1032 4153 1053 4196 1.

112 4263 141 4332 t)
149 4263 192 4317 ct.
201 4281 284 4335 snpra
294 4267 339 4320 111
351 4283 374 4321 c.
386 4269 432 4323 21.
472 4267 503 4338 2)
513 4269 555 4324 ot
565 4269 611 4322 111
625 4285 650 4321 c.
661 4267 706 4334 44,
716 4267 774 4322 Vc.
784 4268 810 4324 6.
848 4265 1255 4338 8)Verg.den.1V,lll.ll⁶.

1176 4381 1200 4438 N

1290 4623 1303 4651 Χ»

1304 4655 1316 4681 Nl
