2932 4718
189 227 225 282 88
337 230 569 285 emorraeum
587 229 852 286 surerenosls.
889 231 961 284 Lus.
980 228 1030 285 lv.
1070 230 1190 283 tt-ao.

128 421 182 468 sss.
277 399 328 467 ll.
370 399 521 468 Duxerat
552 401 640 503 idem
655 423 729 504 ,rex
757 399 845 502 Otto·
865 411 941 468 ante
968 402 1068 503 regni·
1087 401 1327 504 suseeptiqnem

1314 498 1326 535 Ι

191 485 1328 662 tarbelli?ttltllllltifflitltltmsittllda

72 738 84 754 ἱ
191 655 467 727 LIU'I'OLFUM.
511 655 655 726 Cuiuso
699 667 865 724 recentem
886 657 1064 724 iacturam²
1087 659 1244 748 quociens
1260 680 1328 727 me·

193 744 331 812 moriam
352 744 492 831 agimus,
512 739 655 810 lacrimis
677 744 784 809 sinum
812 741 987 832 replemus.
1036 742 1066 811 0
1095 744 1124 810 ai
1148 764 1329 834 numquam

192 839 298 914 natus,
319 836 464 896 autnon
484 839 551 896 tam
572 837 699 896 matum
720 827 891 896 defunctus
913 827 1014 896 esset!

139 947 182 1005 (a)
279 930 330 998 18.
373 931 448 1016 Quo
481 934 517 999 in
548 942 694 1021 tempore
726 933 812 1020 regie
844 932 991 1000 eiusdem
1022 931 1122 1002 irater
1152 933 1329 1003 Heinricus

128 1009 397 1106 ⁹⁸⁹·quorundam
417 1038 646 1107 perversorum
666 1018 821 1086 instinmu
849 1016 955 1085 eidem
985 1028 1035 1085 est
1055 1019 1192 1087 nimium
1213 1019 1329 1089 adver·

193 1111 291 1171 satus.
334 1102 368 1172 Is
390 1104 488 1187 enim,
519 1103 576 1205 qui
604 1113 681 1191 poet
708 1103 880 1170 creationis
908 1125 986 1170 suae
1014 1124 1094 1171 mox
1114 1102 1330 1175 clarissimam

191 1189 383 1278 dignitatem
404 1199 543 1257 creatori
568 1209 627 1254 suo
650 1209 685 1255 se
711 1186 850 1255 similem
875 1186 981 1256 facere
1006 1186 1120 1276 voluit,
1147 1214 1210 1280 per
1238 1190 1330 1259 audi·

193 1285 279 1343 tores
300 1296 377 1341 suos
403 1273 521 1343 tahbus
546 1272 740 1341 Heinricum
768 1284 881 1340 contra
905 1273 1023 1358 fratris,
1051 1275 1152 1343 immo
1180 1277 1268 1367 regis
1297 1285 1332 1344 et

192 1358 344 1445 domini‘,
377 1359 579 1429 sermoni-bus
611 1359 795 1448 instigavit:
838 1359 1028 1427 ‘Rectumne
1063 1371 1190 1449 patrem
1222 1362 1331 1465 egisse

191 1467 273 1530 rere,
294 1446 387 1533 regia
415 1445 476 1513 tibi
500 1447 536 1512 in
565 1444 721 1533 dignitate
747 1445 868 1534 genito,
897 1466 964 1511 non
988 1447 1023 1511 iu
1046 1444 1158 1514 eadem
1181 1456 1331 1535 gemtum

192 1530 425 1620 preponendo?
447 1529 547 1598 Plane
568 1552 635 1597 non
657 1529 858 1597 discretionis
880 1528 942 1597 hoc
964 1552 1102 1598 censura
1123 1532 1330 1622 ponderavit,

192 1638 309 1684 verum
354 1616 492 1685 aesiouis
519 1615 743 1704 magnitudine
772 1615 944 1683 aberravit.
998 1615 1088 1704 Ergo
1121 1639 1193 1706 age,
1224 1640 1331 1709 neque

194 1702 281 1770 enim
314 1640 374 1769 tibi
407 1701 541 1770 deenmt
572 1702 704 1790 copiae3
737 1700 869 1768 fratrem
902 1700 1002 1784 deice,
1036 1725 1172 1791 regnum
1199 1705 1331 1794 accipe3

194 1789 299 1940 sipque
321 1787 381 1939 tili
402 1785 727 1940 rqgrtnandififatqqltas,
755 1786 808 1852 eui
834 1787 955 1855 accidit
981 1786 1043 1853 deo
1064 1785 1221 1877 largiente
1243 1791 1332 1858 etin

193 1895 210 1940 e
256 1895 307 1940 em
365 1895 421 1961 gm
435 1895 487 1938 ae
509 1894 552 1938 na
576 1895 610 1938 vr
671 1921 679 1937 .

217 1977 267 2044 19.
301 1975 472 2064 Regnandi
492 1976 552 2044 tibi
572 1973 652 2065 quid
665 1977 820 2042 iuvenum
836 1983 902 2039 tam
917 1974 989 2041 dira
1003 1976 1122 2066 cupido
1197 1977 1332 2046 Versus.

366 2061 499 2151 Optime
522 2059 747 2149 Saxigeuum?
778 2059 936 2127 Prohibet
957 2059 1048 2146 deus,

300 2146 401 2214 Haud
415 2157 509 2236 pater
521 2146 710 2230 Heinrieus3
725 2144 857 2213 deditis
873 2148 950 2234 quia
964 2157 1109 2236 sceptra3
1130 2148 1286 2216 monebat

239 2285 241 2299 .
365 2233 571 2321 Astripotens
592 2232 697 2300 bonus
717 2233 789 2321 ipse
810 2230 891 2298 deus
913 2230 998 2319 pius,
1299 2238 1307 2252 ‘

261 2335 276 2390 t
302 2316 377 2403 Quo
398 2319 468 2386 sine
489 2340 552 2386 nec
573 2338 710 2405 regnum
733 2317 868 2405 capitur,
890 2337 952 2383 nec
972 2328 1121 2407 tempora
1142 2319 1272 2387 sistunt

366 2402 534 2494 Quicquid
555 2403 591 2469 in
611 2403 690 2471 orbe
711 2401 793 2469 deus
814 2403 937 2490 geritur
957 2402 1057 2488 iubet,

300 2489 365 2557 Per
385 2510 482 2576 quem
503 2490 576 2554 iura
596 2487 697 2555 duces
719 2496 854 2554 cernunt
875 2509 1034 2576 regesque
1056 2488 1268 2578 triumphant
1330 2548 1332 2552 Α

365 2573 539 2641 Fraternas
560 2575 648 2641 acies
669 2593 757 2638 nunc
778 2594 865 2638 nune
886 2570 970 2640 male

303 2657 499 2728 conflictare
521 2681 563 2726 cu
587 2659 626 2743 is,
648 2656 757 2740 fallax,
779 2656 928 2740 erudelis,
949 2656 1086 2746 inique?

242 2761 278 2814 ιο
365 2746 409 2832 -Ι-
429 2745 534 2834 Impie
555 2681 734 2831 flevisthan
755 2741 947 2825 Behemoth‚
968 2765 1066 2832 paras

301 2830 484 2918 Antiquam
505 2850 662 2896 renovare
683 2840 741 2897 tua
761 2829 827 2894 iam
848 2827 962 2894 fraude
984 2825 1150 2895 duellum?

367 2913 511 2982 Crimine
533 2936 593 3004 pro
615 2925 731 2982 oumcto
752 2934 874 3002 poenas
894 2911 974 2996 lues,

302 2999 376 3066 Hoc
391 2998 566 3088 reprobum
581 3021 734 3067 numerus
749 2996 799 3064 cul
824 3020 883 3064 ans
900 2997 988 3099 quod
1003 3009 1118 3088 peccat
1131 2999 1166 3064 in
1187 3020 1270 3068 seso

82 3083 184 3138 ῬΜ
366 3084 519 3174 Improbe
542 3083 739 3174 supplicium
760 3021 879 3151 redires
901 3081 1012 3167 simul,

245 3187 278 3240 to
303 3169 348 3237 Et
391 3192 594 3261 uaecumque
616 3168 708 3236 malis
731 3168 890 3237 debentur
910 3167 1061 3236 flammea
1082 3170 1208 3238 cunctis

398 3255 517 3340 incula,
539 3264 632 3345 parta
653 3255 713 3323 tibi
733 3255 867 3339 misero,
887 3276 928 3322 ne
952 3276 994 3321 ue

302 3339 489 3430 ignivomas
511 3341 623 3409 herebi
643 3342 727 3407 iuste
749 3339 908 3409 dimersus
930 3277 986 3432 iad
1007 3339 1144 3433 undasl]

367 3427 528 3514 Perpetuo
550 3435 659 3494 tecum
680 3447 809 3492 arsuros
832 3425 940 3492 trahes

305 3510 529 3595 christicolam
553 3514 630 3601 quia
651 3511 679 3577 si
701 3533 764 3599 qua
787 3533 878 3578 sacro
900 3509 1096 3600 baptismate
1116 3509 1175 3578 loti

240 3612 279 3667 20
366 3597 488 3663 Debita
508 3609 583 3685 poet
603 3605 742 3680 traxere,
764 3595 817 3663 dei
838 3607 947 3664 manet

305 3680 430 3766 Gratia,
453 3703 536 3771 quse
558 3681 667 3769 lapsos
690 3681 795 3749 erexit
815 3682 972 3770 sanguiue
994 3683 1106 3770 gratia

146 3794 186 3849 (2)
283 3785 335 3853 20.
379 3786 477 3854 Tanti
498 3786 594 3853 huius
615 3808 655 3852 ac
672 3784 846 3874 perniciosi
861 3783 1014 3850 facinoris
1030 3783 1107 3852 illex
1120 3783 1334 3852 Heverardus

136 3855 188 3897 ⁹³⁸·
199 3871 307 3939 extitit
327 3893 447 3939 eomes.
480 3871 589 3938 Huius
611 3872 698 3938 enim
720 3872 846 3974 primae
867 3868 1051 3937 rebellionis
1072 3881 1217 3958 tempore
1232 3869 1335 3938 Hein-

198 3957 284 4024 ricus
305 3955 396 4024 fratri
418 3979 476 4025 suo
498 3959 569 4046 regi
591 3967 624 4023 et
644 3957 786 4041 dommo,
808 3967 906 4045 prout
928 3954 1093 4041 debuerat,
1123 3953 1337 4025 amminicula

199 4126 222 4176 ι)
239 4124 285 4169 seri.
302 4125 446 4169 fidelitatem,
496 4122 522 4178 b)
539 4125 571 4166 its
586 4123 729 4176 supplendam
745 4134 792 4165 eun
808 4123 862 4175 5a3
879 4123 908 4164 ad
924 4123 1018 4164 umbras
1035 4122 1055 4166 3.

199 4276 227 4345 1)
246 4278 390 4333 Adsistaui
410 4294 538 4344 sororem,
557 4276 686 4332 Edwardi
705 4275 798 4330 filiam.
875 4273 903 4344 ²)
925 4273 952 4328 d.
973 4274 998 4328 6.
1017 4274 1092 4345 Sept.
1112 4290 1137 4327 a.
1157 4275 1221 4329 957.
