2932 4718
229 208 264 260 70
368 204 602 259 mummium
621 202 890 259 ANTAPODOSIS.
930 203 1005 258 LIB.
1024 203 1080 257 ΙΙΙ.
1118 204 1240 259 88-40.

227 376 359 444 domino
395 373 665 458 commendabat,
700 395 798 463 opere
831 394 990 440 manuum
1017 373 1142 441 victum
1175 374 1373 465 quaeritans.

78 465 218 512 'mlu-
227 460 314 529 Sane
335 459 408 614 agir*
429 462 616 551 ζογραφίαν,
641 457 818 547 zografian,
847 457 953 526 idest
977 458 1150 548 picturam,
1178 459 1374 550 perpulchre

227 567 345 615 exerce
368 557 433 614 et1.

155 688 157 691 .
313 631 366 698 38.
397 621 526 698 Eodem
546 640 693 719 tempore
716 627 894 697 SimeonB
1000 651 1040 696 ns
1123 641 1182 698 cs·
1205 632 1296 721 cepit
1318 650 1372 698 ve

227 713 376 784 hemente
421 713 521 803 afligi
565 716 675 799 Quem
699 715 881 798 Romanos,
947 715 966 730 ‘¹
997 715 1049 781 sni
1107 715 1272 784 hristofori
1303 713 1373 783 lilia

113 804 154 861 'a
162 808 216 909 311·
226 799 293 867 filio
314 799 401 866 illiue
421 801 529 887 Petro,
552 801 610 890 qui
630 821 719 867 nunc
739 809 897 951 superest,
919 821 1024 867 uxore
1045 798 1131 883 data,
1153 801 1195 869 ab
1218 803 1373 890 *incepto

65 908 70 918 ·
134 868 336 973 Q’ssfrnore
363 887 591 975 conpescuit¹,
622 885 749 974 sibique
790 882 908 951 cedere
957 883 1055 952 lecito
1083 885 1231 954 cocunt
1273 884 1372 955 Unde

163 1025 165 1028 >
227 983 261 1039 et
288 969 399 1062 puella
424 980 549 1038 mutato
570 971 702 1038 nomine
723 977 774 1036 est
800 967 898 1053 irini,
927 992 939 1035 1
984 980 1035 1037 est
1054 993 1141 1060 pax,
1163 984 1303 1056 romu,
1334 991 1373 1040 eo

228 1054 334 1157 qnod·
347 1078 501 1185 perbeam
528 1058 612 1124 inter
632 1053 805 1143 Bulgerios
830 1062 863 1121 et
886 1053 1010 1124 Grecos
1031 1077 1101 1144 pax
1121 1055 1165 1122 sit
1184 1055 1375 1124 firmissime

117 1191 122 1199 ¹
162 1150 471 1293 ‘memdiltaliis
507 1225 709 1314 temporibus
741 1202 931 1312 Walpertns
968 1234 1002 1292 et
1038 1223 1144 1309 Geso,
1181 1225 1372 1315 prenomine

228 1309 453 1393 Heverardus,
482 1311 585 1398 Papie
606 1311 813 1401 prepotentes
839 1307 963 1378 iudices
985 1321 1087 1378 eram.
1132 1309 1241 1378 (lausa
1262 1321 1374 1379 autem

252 1395 394 1462 otentiae
413 1393 576 1485 Wolperti
595 1394 677 1463 baec
699 1404 782 1478 erat,
817 1394 973 1482 qnoniam
995 1393 1127 1481 Cumis,
1156 1394 1317 1463 ditissimo
1339 1396 1376 1462 in

227 1419 316 1564 lieo,
345 1479 449 1569 filium
478 1502 574 1547 suum
595 1481 730 1548 Petrum
757 1479 950 1569 episcopum
976 1477 1110 1564 fecerat,
1138 1481 1262 1548 Rosam
1283 1502 1372 1564 vero,

293 1575 362 1632 tam
376 1577 503 1648 suam⁸,
527 1563 725 1634 Gilleberto⁰
742 1565 853 1632 comiti
867 1563 1002 1654 palatii⁴
1016 1565 1091 1632 coni
1139 1566 1170 1633 'o
1185 1568 1372 1634 sedaverat

301 1660 411 1718 tamen
432 1660 499 1717 tem
543 1660 626 1718 state
647 1662 784 1738 uterque
798 1647 970 1717 defimctus
985 1661 1063 1719 erat
1119 1650 1292 1732 ,icinensis
1313 1651 1372 1718 ita·

230 1758 302 1824 que,
326 1735 415 1824 quod
436 1746 486 1802 est
535 1735 687 1824 apiensis‚
709 1732 851 1823 populus
874 1735 978 1801 omnis
1000 1735 1044 1802 ad
1064 1734 1151 1803 hunc
1166 1745 1373 1819 convenerat,

229 1841 409 1909 causasque
421 1841 533 1887 omnes
544 1829 577 1886 et
585 1819 822 1887 controversiae
834 1828 908 1886 ante
920 1842 995 1886 eum
1006 1819 1217 1888 deliberabat
1239 1820 1373 1888 Portici-

251 1906 359 1970 atione
385 1904 525 1993 denique
546 1905 710 1994 potentiae
725 1903 821 1970 huius
843 1915 1040 1971 memoratus
1062 1905 1163 1987 Geso,
1184 1905 1374 1994 prenomine

228 1927 455 2072 heverardus,
486 1991 642 2078 quoniam
668 1989 813 2080 quadam
838 1988 995 2057 affinitate
1022 1990 1052 2056 ei
1073 1988 1281 2078 iungebatur,
1301 2011 1373 2079 pre·

228 2084 345 2162 potens
366 2073 556 2142 habebatur.
600 2074 666 2158 Qui
687 2071 888 2142 nobilitatem
910 2096 1004 2140 suam
1025 2076 1137 2164 pravis
1152 2073 1296 2142 moribus
1318 2073 1372 2142 de-

305 2157 392 2225 abat.
446 2160 524 2226 Fuit
555 2160 641 2226 enim
673 2157 864 2226 ambitiosus
896 2159 1010 2242 nimis,
1044 2160 1198 2248 cupidus,
1231 2158 1362 2227 invidus

230 2265 246 2309 e
299 2245 412 2328 timus,
432 2246 511 2311 iuris
534 2256 716 2333 corruptor,
743 2253 973 2345 preceptorum
995 2244 1049 2312 dei
1069 2246 1260 2330 immemor;
1283 2208 1374 2396 ‹ffid

230 2327 312 2396 dens
333 2351 403 2396 non·
420 2351 537 2418 passus
560 2339 610 2409 est
629 2328 720 2396 abire
741 2327 893 2412 multum;
924 2339 956 2397 et
976 2353 1019 2396 ne
1041 2330 1164 2397 diutins
1185 2340 1297 2418 protra

230 2436 431 2498 sermonem,
460 2413 618 2482 Catilinae
644 2416 776 2480 omnino
804 2413 930 2498 similis,
962 2416 1017 2503 qui
1045 2417 1129 2482 sicut
1151 2413 1318 2482 consulem
1340 2422 1374 2481 et

230 2499 277 2565 rei
305 2498 457 2587 publicae
486 2499 689 2567 defensorem
709 2498 860 2566 Marcum
881 2497 1026 2566 Tullium
1056 2499 1248 2568 Ciceronem
1277 2520 1373 2566 cona·

229 2582 327 2650 batur
347 2583 497 2652 occidere
527 2585 627 2652 itaet
648 2585 833 2672 hieregem
855 2583 1033 2672 Hugonem
1055 2585 1151 2650 morti
1170 2583 1302 2651 molitus
1324 2595 1374 2652 eet

147 2711 151 2716 ·
230 2668 368 2736 tradere.
412 2634 564 2752 Quadam
586 2672 674 2737 enim
696 2667 860 2752 die-dum
880 2668 982 2735 nichil
1003 2667 1082 2736 mali
1111 2690 1166 2736 sus
1190 2671 1283 2736 icens
1310 2691 1372 2738 rex

229 2751 330 2842 Hugo
351 2754 453 2842 Papie
483 2776 559 2821 cum
587 2756 700 2843 paucis
731 2754 878 2842 degeret,
907 2753 960 2821 hic
983 2753 1140 2820 seditione
1161 2693 1248 2820 licta
1268 2751 1372 2834 voluit

231 2860 418 2926 supereum
439 2840 577 2923 irruere;
600 2839 659 2906 sed
680 2837 859 2927 Walperto,
883 2840 939 2928 qui
957 2861 1024 2906 non
1045 2848 1113 2906 tam
1134 2838 1250 2906 ferocis
1272 2838 1374 2906 animi

231 2934 310 3006 erat,
332 2934 525 3006 remorante,
547 2922 693 2991 tardatus
716 2935 774 2990 est.

315 3007 368 3073 40.
401 3007 470 3075 Nec
498 3010 605 3075 minus
632 3009 729 3076 etiam
759 3029 815 3075 eos
844 3031 904 3075 rex
925 3007 1026 3096 Hugo
1056 3010 1123 3075 suis
1149 3009 1318 3077 rhetoricis
1341 3018 1374 3076 et

230 3091 324 3159 melle
346 3091 545 3161 dulcioribus
567 3092 681 3182 elogiis
701 3094 743 3161 ab
764 3094 895 3181 incepto
917 3092 1025 3159 furore
1044 3115 1107 3159 con
1131 3095 1245 3161 escuit.
1282 3093 1374 3161 Dum

231 3178 318 3243 enim
339 3176 530 3245 seditionem
553 3201 652 3267 super
673 3201 708 3245 se
730 3177 901 3245 exhortam
922 3189 1021 3266 atque
1042 3179 1077 3243 in
1095 3117 1193 3244 ddmo
1209 3178 1374 3267 Walperti

231 3264 483 3350 congregatumd
504 3286 576 3330 esse
591 3275 828 3351 cognossceret,
853 3261 1041 3330 huiusmodi
1061 3285 1174 3329 omnes
1195 3287 1257 3352 per
1277 3267 1375 3332 inter·

230 3347 361 3414 nuntios
383 3369 531 3414 sermone
553 3349 720 3415 convenit:
764 3347 865 3432 ‘Quid
886 3359 951 3432 est,
982 3349 1072 3437 quod
1098 3359 1285 3437 tantopere,
1312 3349 1374 3417 viri

232 3508 254 3562 a)
268 3510 300 3551 cie
317 3512 338 3554 1.
349 3511 450 3562 sertam
464 3513 541 3563 Argos
557 3514 676 3565 hamdan.
745 3512 769 3564 b)
785 3514 894 3556 costltnte
911 3514 932 3557 1.
1002 3511 1024 3567 c)
1039 3513 1072 3556 ua
1089 3516 1111 3555 1.
1121 3513 1223 3565 fateare
1238 3511 1374 3557 oislebertc

231 3570 351 3622 tiendum.
413 3572 437 3626 d)
454 3577 591 3624 concretum
609 3576 632 3617 1.

233 3701 262 3790 i)
282 3703 451 3830 ’1Ἰι-οορὸἰιι,ιι.ἱ
465 3709 564 3798 contin.
585 3708 625 3759 VI
645 3723 671 3794 c.
686 3707 735 3794 ²²³²
765 3700 823 3794 ᾞὴν
839 3701 870 3758 δὲ
887 3703 937 3788 pig
955 3703 1222 3796 ζῳγροξφίςςἋτέχνην
1241 3672 1374 3806 succisor

233 3773 1374 3923 tuirrtuttluutrtttf‘tbtbltt“titulatiult:

232 3923 262 3992 8)
282 3925 326 3978 De
352 3942 406 3994 qua
433 3928 468 3983 cf.
490 3928 561 3981 infre
582 3929 622 3981 IV
648 3945 671 3981 c.
694 3929 739 3982 13.
785 3927 920 3980 Tabulam
946 3945 972 3982 a.
993 3931 1047 3981 969
1073 3928 1145 3981 Iulio
1172 3945 1264 3983 mense
1292 3929 1376 3983 scribi

231 4000 323 4052 iussit:
347 4015 399 4068 ego
418 4001 541 4054 Rotrnda
561 4019 614 4070 qne
635 4008 663 4055 et
682 4003 758 4055 Boea
781 4004 920 4056 comitissa
938 4003 1010 4058 bone
1030 4005 1159 4056 memorie
1179 4003 1315 4071 Walperti
1333 4005 1375 4057 iu·

233 4071 302 4125 dicis
321 4071 379 4126 lilia
399 4081 427 4129 et
450 4075 547 4128 relicta
566 4076 704 4145 quondam
725 4077 872 4130 Giselberti
899 4093 991 4130 comes
1010 4077 1113 4146 palatio
1134 4083 1188 4131 etc.
1208 4078 1292 4136 [Mon.
1312 4078 1375 4132 bist.

231 4154 304 4272 832.
323 4148 418 4275 bXJtll,
456 4149 549 4218 1089).
625 4150 655 4216 4)
686 4151 866 4216 Gislebertns,
896 4151 1044 4204 bertranni
1069 4151 1155 4216 tilius,
1185 4159 1247 4206 ante
1273 4167 1374 4206 annum

306 4237 383 4275 on.
