2932 4718
284 181 517 276 nrunrmrmr
536 221 801 280 sursronosm.
839 226 912 280 nm.
931 226 955 278 1.
993 226 1077 278 s-s.
1241 228 1258 279 s

116 413 246 492 quaque
268 390 474 542 pprlustrant
517 391 721 459 Accersitum
749 415 848 481 quam
874 392 984 482 plures
1005 396 1040 460 in
1062 394 1257 483 Hispaniam
1268 415 1323 459 sss.

114 488 248 543 nuntios
296 478 425 561 'ngrmt
448 474 558 542 locum
578 475 722 559 laudant,
745 479 936 567 vicinasque
958 491 1072 567 gentes
1093 479 1205 546 nichili
1223 503 1258 547 se
1284 486 1304 518 ⁰·

115 561 236 628 habere
272 562 473 649 promittunt
530 560 670 629 Centum
707 562 847 652 denique
883 563 1109 631 tantummodo
1146 588 1258 632 secum

115 656 213 711 mox·
231 644 411 714 Saracenos
425 646 594 730 reducunt,
611 649 668 735 qui
682 670 795 715 veram
810 650 858 715 rei
872 647 969 715 huius
985 659 1141 739 caperent
1155 671 1258 716 asser·

113 733 247 797 tionem.
736 773 742 781 »

201 819 231 882 4.
263 815 393 882 Interea
420 813 692 900 Provincialium,
720 840 784 907 que
812 815 875 884 illis
905 840 987 918 gens
1015 830 1085 885 erat
1109 820 1256 900 vicinior,
1303 829 1305 832 ’

113 901 239 968 invidia
261 901 348 989 cepit
369 901 455 966 inter
476 922 547 967 sese
569 900 726 969 dissidere
762 901 845 968 alius
873 902 973 969 alium
995 902 1153 991 iugulare,
1182 902 1257 971 sub·

114 988 267 1053 stantiam
288 1007 414 1073 rapere,
437 996 469 1053 et
491 986 649 1075 quicquid
674 951 751 1053 mali
777 1009 859 1054 exeo
884 989 958 1054 'tari
984 997 1114 1077 poterat
1138 988 1257 1055 facere.

116 1069 182 1137 Sed
227 1071 283 1136 uia
304 1093 380 1159 pars
402 1081 539 1159 partem,
562 1082 600 1138 ut
620 1071 746 1137 invidia
768 1081 801 1138 et
823 1009 916 1139 dolir
935 1072 1125 1160 postularam
1179 1074 1258 1140 satis

114 1155 178 1222 sibi
205 1093 318 1223 lacere
350 1178 417 1222 non
448 1165 611 1243 poterant,
637 1156 697 1223 hos
725 1179 807 1246 quos
833 1157 1038 1247 prediximus
1065 1157 1257 1243 Saracenos,

113 1262 180 1307 non
202 1241 310 1306 minus
333 1239 466 1306 callidos
489 1262 588 1328 qnam
608 1240 762 1329 perfidos,
789 1243 824 1308 in
846 1242 1005 1310 auxilium
1033 1255 1142 1331 rogat3
1169 1264 1258 1310 cum·

115 1347 178 1414 que
212 1327 262 1392 his
295 1347 362 1391 una
392 1325 582 1426 proximum
618 1326 765 1393 conterit
823 1327 894 1394 Nec
926 1328 1019 1394 iuvat
1054 1326 1258 1395 solummodo

113 1411 303 1562 ffium
316 1409 635 1562 silmliltlilm
650 1410 1258 1564 tiilnblffililulildfflffindi

113 1546 274 1669 profuerit
294 1578 428 1664 invidia,
451 1602 549 1681 quam
571 1544 618 1647 iia
631 1519 827 1648 tdescribens
848 1583 935 1647 ait¹:
1094 1519 1115 1584 q

244 1665 375 1731 ‘Iustius
396 1664 522 1730 invrdia
541 1663 643 1731 nichil
664 1675 722 1749 est,
746 1688 829 1766 quae
850 1669 999 1755 protinus
1019 1667 1129 1780 ipsum

328 1752 506 1816 Auctorem
528 1750 615 1817 rodit
635 1763 867 1840 exornantque
888 1753 1053 1817 animum.

114 1835 208 1917 Quae
231 1833 311 1899 dum
333 1832 484 1923 decipere
507 1845 653 1917 conatur,
676 1834 854 1923 decipitur,
877 1835 955 1902 dum
978 1837 1172 1923 extinguere
1189 1836 1258 1901 ino-

112 1918 205 2000 litur,
238 1918 450 2018 extinguitur.
505 1918 594 2002 Quid
625 1919 771 2007 igitur?'
817 1919 973 1988 Saraceni
999 1942 1074 1996 cum
1104 1920 1172 1986 suis
1193 1919 1370 1992 boensis.

112 2002 238 2069 viribus
260 2004 394 2070 minnne
416 2014 559 2092 possent,
583 2003 718 2071 alteram
738 2003 872 2070 alterins
893 2003 1017 2071 anxilio
1031 2006 1133 2093 partis
1149 2002 1257 2070 debel-
1315 2038 1317 2041 ·
1349 2068 1353 2074 .

99 2087 225 2171 ‘lantes
256 2110 398 2239 suasque
427 2090 539 2176 copias
567 2111 610 2156 ex
631 2089 795 2177 Hispania
823 2112 953 2178 semper
979 2099 1146 2177 augentes,
1174 2111 1257 2178 quos

111 2174 218 2261 primo
242 2172 337 2240 defen
362 2195 415 2240 ere
436 2172 632 2240 videbantur
653 2173 759 2240 modis
782 2174 935 2241 omnibus
956 2175 1155 2240 insecuntur.
1200 2172 1258 2241 Se·

111 2259 208 2324 viunt
227 2258 349 2345 itaque,
371 2259 598 2342 exterminant,
620 2257 666 2324 nil
687 2256 805 2346 reliqui
825 2259 975 2325 faciunt:
992 2257 1170 2344 Trepidsre
1190 2259 1258 2324 iam

111 2343 242 2409 vicinae
257 2353 405 2410 caeterae
419 2353 543 2430 gentes,
568 2344 722 2431 quoniam
738 2342 919 2409 secundum
956 2343 1125 2431 rophetam
1139 2341 1258 2409 horum
1266 2367 1420 2422 nectaneb.

104 2432 195 2492 'unus
217 2426 476 2576 persequebatur
496 2426 593 2510 mille,
616 2440 648 2494 et
670 2426 735 2493 duo
757 2427 912 2516 fugarunt
932 2366 1046 2494 decem
1067 2424 1167 2493 milia.
1211 2426 1257 2495 Et

111 2533 213 2662 quairlq
281 2511 367 2594 Quia
399 2510 480 2579 deus
513 2534 591 2579 suus
619 2512 767 2579 vendidit
795 2535 852 2580 cos
882 2523 915 2581 et
943 2512 1096 2579 dominus
1126 2510 1256 2578 conclu·

110 2607 152 2664 m
196 2617 335 2747 {pus
358 2681 470 2769 itaque
495 2690 688 2770 tempestate
709 2680 779 2747 Leo
801 2681 1112 2770 Porphyrogenitus,
1141 2679 1307 2746 Basiliil²l
1423 2735 1425 2740 .

110 2766 318 2855 imperatoris
345 2763 448 2848 filius,
482 2764 688 2833 Constantini
715 2764 813 2831 huius
838 2777 932 2854 pater
979 2767 1014 2830 ui
1041 2787 1128 2831 nunc
1149 2787 1391 2854 usquesse—ors.

110 2860 260 2940 superest
292 2859 325 2917 et
355 2849 493 2917 feliciter
527 2861 681 2938 regnat⁸,
719 2848 932 2919 Constantino
957 2851 1075 2917 o'tane
1112 2850 1253 2917 civitatis

109 2932 248 3037 regebat
267 2936 452 3086 impedium:
473 2934 632 3086 ‘bimgon
653 2934 914 3087 imgfflbelalffl.
928 2874 1093 3086 lutgassis
1114 2945 1253 3035 preerat,
1264 2962 1392 3005 sss-on.

109 3031 317 3193 ffittn
333 3042 572 3194 ’ἕωέΐζέἒῃθ
586 3042 735 3171 tttt
750 3039 1254 3206 elpfflffil‘naiiilmuss

109 3193 284 3257 miserante
307 3188 368 3256 deo
390 3190 607 3256 sanctissimi.b
623 3198 721 3278 atque
735 3190 938 3256 invictissimi
951 3190 1039 3277 regis
1055 3126 1253 3256 O‘r'rolus

109 3275 266 3363 potentia,
288 3286 326 3342 ut
338 3273 434 3341 latius
450 3275 570 3341 dicturi
584 3295 706 3358 sumus,
721 3275 859 3342 mutire⁰
873 3296 940 3340 non
954 3272 1054 3341 audet
1067 3276 1252 3356 exterrita⁴,
1262 3291 1417 3344 unomen.

108 3359 205 3428 nobis
228 3358 379 3425 omnibus
400 3369 480 3426 tunc
501 3361 658 3448 temporis
673 3358 873 3426 habebaturd
887 3360 1009 3446 ignota.
1046 3356 1253 3440 Quibusdam

109 3465 252 3533 namque
274 3441 475 3510 difficillimis
504 3452 653 3532 separata
678 3466 699 3510 a
720 3440 815 3510 nobis
844 3452 914 3511 erat
938 3441 1251 3544 interpositionibus,

86 3545 191 3617 'quas
215 3527 344 3594 clusae⁶
362 3529 512 3596 nominat
532 3527 663 3616 vulgus,
683 3538 721 3595 ut
741 3528 905 3616 nequead
918 3525 1131 3594 meridianam
1144 3547 1187 3592 ne
1210 3547 1252 3592 ue

110 3613 153 3681 ad
175 3611 411 3681 occidentalem
438 3612 570 3701 plagam
599 3612 742 3680 exeundi
768 3611 919 3680 babuerit
946 3610 1144 3679 facultatem.
1187 3549 1252 3677 ier

111 3804 134 3857 a)
151 3805 223 3858 opido
238 3815 298 3850 corr.
314 3815 369 3847 mox
386 3808 407 3848 1.
424 3806 511 3856 oppido
527 3806 589 3847 codd.
606 3807 628 3848 ³.
680 3802 705 3858 b)
722 3805 853 3846 imru-snt
865 3805 886 3845 1.
937 3800 960 3857 c)
976 3805 1074 3846 mntrtrs
1087 3806 1107 3857 1,
1123 3803 1218 3845 mutere
1228 3801 1250 3853 8,

111 3867 205 3907 nutura
219 3865 244 3918 b,
260 3866 355 3906 mutare
369 3877 428 3907 corr.
443 3866 530 3907 mutire
546 3866 588 3908 ba.
659 3863 684 3918 d)
699 3864 830 3906 habebatur
850 3875 908 3906 corr.
924 3862 1055 3906 hebebatur
1071 3866 1093 3907 1.
1163 3859 1187 3914 ο)
1203 3861 1251 3903 oln-

112 3927 220 3977 mwsr
235 3924 275 3966 ud
289 3923 354 3977 tasso
369 3935 421 3978 cap.
439 3925 475 3967 1⁸.
492 3925 578 3966 dnm.

71 4048 74 4054 ’
114 4087 141 4153 1)
160 4095 179 4138 t.
200 4087 328 4140 esum.
414 4085 444 4156 r)
463 4087 506 4139 nx
524 4086 685 4154 Hieronymi
704 4101 748 4154 ep.
767 4084 804 4138 aa
824 4083 937 4138 enan·
955 4064 1063 4145 nm,
1082 4097 1107 4134 ο.
1128 4081 1145 4132 s
1164 4081 1250 4150 (opp.

113 4159 155 4214 ed.
173 4158 328 4213 vallarsius
345 4158 410 4224 vn,
436 4157 513 4227 608).
639 4157 670 4227 8)
690 4159 767 4213 Obiit
785 4175 811 4212 a.
831 4158 896 4211 969.
1019 4152 1051 4222 4)
1069 4155 1192 4223 Pugnan
1213 4154 1250 4207 sd

112 4233 208 4287 laicum
227 4233 340 4287 fluvium
358 4250 385 4287 a.
404 4235 459 4287 965
481 4235 652 4288 commissam
673 4232 749 4286 dicit.
