2932 4718
275 226 509 282 muratum
528 225 796 283 muffonosm.
834 225 909 280 mu.
927 226 966 280 II.
1004 226 1086 280 8-4.
1220 225 1255 278 29

113 399 174 468 deo
198 410 232 466 et
252 398 344 487 impii
366 418 425 486 pro
448 395 600 479 lacrimis,
622 395 773 463 fumdunt.
806 397 944 464 Iamiam
966 419 1026 464 rex
1048 395 1323 466 Hudodoicusoror
1351 483 1353 487 Ι

113 485 249 552 collecto
270 481 477 550 multitudine
498 483 683 571 Augustam
711 493 856 565 venerat,
885 503 969 571 quse
996 492 1046 548 est
1074 484 1108 547 in
1131 480 1254 549 Suevo-

111 593 195 655 rum,
219 568 466 657 Bagouriorum,
489 591 548 635 seu
571 566 775 634 orientalium
789 568 990 634 Francorum
1013 566 1153 634 confinio
1176 569 1253 634 civi·

111 667 171 740 tas,
203 676 280 721 cum
308 655 482 754 insperata,
512 654 616 740 magis
643 664 752 720 autem
775 675 842 720 non
871 662 992 742 optate,
1020 653 1127 740 gentis
1154 652 1253 720 buius

111 741 282 808 nuntiatur
311 739 471 804 vicmitss.
524 736 681 826 Sequenti
713 740 814 826 igitur
846 737 899 805 die
936 759 1031 805 secus
1066 737 1253 805 Lemauni¹

111 826 256 892 fluminis
278 845 422 912 campos,
444 822 563 890 Martio
587 826 677 913 operi
699 825 881 913 capacitate
903 826 1080 911 suiaptos,
1096 835 1252 914 utraeque

111 933 198 978 acres
220 931 412 978 convenere.

197 998 229 1064 4.
272 996 369 1063 Prius
390 996 501 1084 itaque
523 1016 562 1060 ac
1264 1014 1306 1070 (a.)

284 1081 405 1149 ‘Titoni
425 1101 578 1147 croceum
599 1078 762 1182 linqueret
781 1079 913 1145 Aurora
934 1077 1048 1146 cubile'
1062 1089 1085 1163 ²,

111 1167 357 1255 Hungariorum
380 1187 470 1247 vens,
498 1165 587 1232 necis
610 1166 733 1249 sitiens,
764 1150 841 1232 belli
863 1162 970 1245 avida,
998 1162 1069 1249 hos,
1098 1162 1253 1234 videlicet
1328 1174 1338 1190 ’
1376 1243 1378 1246 .

112 1252 316 1336 christianos,
338 1218 446 1316 adhuc
461 1251 618 1339 opprimit
631 1251 823 1335 oscitantes3
845 1248 1016 1317 nonnullos
1031 1271 1172 1339 namque
1187 1252 1251 1340 spi·

112 1338 185 1404 culs
207 1338 299 1426 prins
328 1357 427 1426 quam
453 1334 611 1401 clamores
637 1334 844 1422 evigilarunt,
872 1333 954 1402 alios
981 1355 1061 1402 vero
1088 1335 1251 1404 cubilibus

111 1422 278 1490 confossos
299 1443 405 1510 neque
434 1421 588 1509 strepitus
617 1441 724 1509 neque
753 1418 889 1487 vulnera
917 1422 1122 1505 exitarunt⁸3
1155 1423 1251 1489 eitius

111 1509 199 1576 anim
221 1509 263 1574 ab
285 1508 325 1573 iis
348 1505 481 1595 spiritus
502 1505 647 1589 recessit,
674 1516 772 1594 atque
802 1526 946 1572 somnus.
996 1505 1114 1572 Gravis
1141 1507 1251 1596 itaque
1277 1525 1283 1534 ’

110 1595 188 1660 hinc
216 1592 359 1681 indeque
392 1592 495 1658 orium
550 1612 653 1678 ugos,
685 1592 838 1679 versique
866 1600 959 1678 terga
985 1612 1046 1657 ceu
1074 1591 1109 1656 iu
1138 1592 1251 1681 fugam

110 1679 210 1746 Turci
219 1687 242 1760 ³,
258 1675 389 1744 directis
403 1614 647 1759 acriterboelis,
662 1673 697 1740 id
712 1687 762 1743 est
776 1677 910 1762 sagittis,
922 1675 1081 1765 plurimos
1093 1687 1250 1745 sternunt.

174 1763 328 1831 Nubibus
344 1763 549 1850 omnipotens
564 1759 695 1828 Heloim
711 1783 785 1827 cum
801 1761 941 1829 condere
955 1760 1081 1828 Phoebi
1116 1762 1250 1830 Versus.

173 1848 315 1914 Lumina
336 1848 530 1913 chrisocomi
551 1844 757 1913 venerandus
779 1849 903 1935 ceperit
922 1847 1000 1914 atris
1008 1856 1032 1932 ⁴,
1099 1888 1104 1899 -

173 1933 305 2000 Vertice
327 1954 466 2021 cumque
488 1930 583 2021 polus
605 1954 733 1998 summo
756 1931 907 2021 clangore
928 1933 1099 2033 remugit⁸,

174 2017 322 2106 Fulgura
344 2016 458 2084 crebra
478 2015 589 2084 volant
609 2016 725 2084 throno
748 2016 890 2085 demissa
911 2018 1053 2085 tonantis

132 2124 150 2176 a
237 2126 289 2170 ea:
310 2125 391 2170 mox
404 2103 576 2192 trepidant,
593 2104 649 2191 qui
662 2104 793 2191 nigrum
808 2104 843 2169 in
861 2101 1002 2170 candidu
1015 2113 1184 2186 vertunt·;

204 2190 316 2256 onscia
336 2200 406 2256 tum
427 2197 579 2255 metuunt
599 2185 760 2256 scelernm
782 2186 908 2255 sulcare
930 2209 1063 2256 suorum

174 2275 322 2357 Pectore,
344 2272 516 2340 Vulcanob
537 2275 661 2375 pariter
680 2274 808 2340 ruitura
828 2295 987 2363 superno:

173 2358 274 2426 Haud
295 2380 387 2426 secus
410 2381 428 2426 e
449 2379 563 2424 vacuus
583 2356 722 2424 volitant
743 2379 901 2426 concussa
944 2358 1082 2426 haretris

174 2447 197 2513 S
222 2443 318 2527 iouia,
340 2442 533 2510 scinduntur
553 2441 705 2509 validae⁶
727 2445 801 2532 quis
822 2382 1063 2533 sergslorisse.

111 2549 149 2602 ¹0
203 2530 329 2597 oncutit
348 2530 421 2617 ipse
441 2551 538 2596 ruens
559 2539 686 2616 segetes
708 2550 783 2595 cum
804 2528 930 2619 grando
951 2528 1105 2616 superba,

171 2615 228 2682 Fit
250 2616 384 2698 sonitus,
407 2613 605 2714 clangorque
626 2613 723 2680 simul
743 2635 803 2702 per
823 2625 910 2684 tectu
931 2636 1079 2700 sonorus,

173 2701 231 2768 Sic
250 2699 363 2789 galeae
385 2701 507 2766 strictis
527 2699 664 2767 reboant
683 2709 764 2766 tunc
783 2700 916 2768 ensibus
936 2702 1030 2784 ictae,

172 2784 320 2873 Corpora
341 2786 453 2873 sicque
474 2784 597 2851 cadunt
617 2786 739 2852 mutuis
763 2787 912 2852 confossa
933 2785 1071 2875 sagittis.

194 2871 287 2937 *Iam
308 2892 344 2937 se
368 2871 482 2936 timam
503 2869 702 2938 descendens
717 2869 870 2939 Phoebus
892 2879 1109 2960 occupaverat
1121 2868 1299 2956 boram,·„
1310 2901 1363 2949 ιω,

108 2965 142 3021 et
155 2978 289 3024 serenus
369 2977 412 3022 uc
425 2953 603 3022 Hulodoici
616 2953 765 3043 partibus
779 2957 868 3023 Mars
882 2954 1023 3041 favebat,
1047 2977 1123 3021 oum
1138 2954 1248 3039 Turci,

108 3042 191 3108 sicut
211 3063 279 3107 non
299 3039 453 3122 incallidi,
483 3041 598 3129 positis
621 3063 663 3107 ex
684 3040 822 3109 adverso
848 3041 984 3127 insidiis,
1014 3040 1127 3128 fugam
1149 3041 1247 3107 simu·

107 3124 185 3194 lant.
237 3125 327 3208 Quos
355 3126 434 3193 dum
460 3128 548 3212 regis
574 3124 727 3215 populus,
757 3125 824 3193 doli
850 3128 994 3214 ignarus,
1022 3126 1147 3213 impetu
1168 3123 1248 3192 vali·

109 3210 244 3278 dissimo
276 3221 481 3300 sequeretur,
516 3213 605 3277 omni
637 3211 800 3298 prodeunt
832 3234 875 3278 ex
908 3222 1003 3313 parte
1034 3209 1181 3294 insidiae,
1215 3222 1248 3278 et

109 3297 283 3392 quasivicti
312 3297 376 3383 ipsi
396 3297 537 3364 victores
566 3298 765 3363 interimunt.
814 3297 888 3364 Rex
916 3319 988 3386 ipse
1015 3319 1034 3364 e
1061 3297 1184 3362 victore
1212 3318 1247 3364 se

107 3488 132 3539 a)
147 3491 209 3534 suos
227 3511 255 3524 -·
271 3491 390 3532 exitarunt
404 3492 430 3531 iss
445 3491 516 3532 codice
527 3492 595 3543 ortas
610 3493 690 3534 enisos
705 3494 731 3533 s'ss
740 3493 789 3544 fisse
800 3493 899 3544 minae
910 3496 963 3543 post
976 3491 1080 3541 samum
1093 3491 1177 3542 mssa
1186 3495 1246 3538 aas,

109 3551 246 3593 musonis
269 3555 342 3591 tunsa
363 3552 426 3602 &aas
449 3551 540 3604 wasto,
564 3563 608 3602 quo
630 3553 726 3603 mlesto
747 3553 772 3593 s'ss
793 3554 815 3594 b.
837 3552 873 3594 bs.
896 3549 936 3594 bs·
955 3551 987 3593 ihs·
998 3561 1118 3603 mssa·
1131 3549 1246 3592 utentur.

108 3608 222 3662 blunlno
245 3613 271 3662 13
294 3609 396 3652 vulcano
417 3621 475 3652 corr.
496 3610 574 3662 Paper
593 3611 622 3662 qs.
638 3612 681 3660 111,
704 3608 1246 3665 s,v.1s;vu1nersoss·;usosst.us;
1284 3622 1290 3632 ·

109 3670 197 3712 mutulo
214 3668 259 3712 δι’
275 3675 295 3711 et
310 3671 406 3721 Hes-naa.
475 3669 496 3724 c)
512 3672 564 3722 quis
579 3675 646 3722 teres
661 3672 683 3715 a.
699 3683 722 3723 q.
739 3675 755 3712 t
772 3672 850 3713 anns
864 3672 938 3723 epacta
953 3681 1023 3712 meso
1039 3671 1060 3713 b.
1076 3670 1123 3721 tas
1139 3669 1246 3712 ssolsdss

108 3731 239 3782 salsaque
255 3728 314 3782 δὴ
329 3731 396 3782 queis
410 3733 479 3780 terto
494 3730 589 3782 Heroas·

111 3890 139 3961 1)
157 3895 176 3946 i.
197 3909 223 3948 e.
244 3893 316 3957 Lici,
336 3894 370 3946 cf.
390 3891 491 3947 Isidori
509 3894 605 3961 Origg.
624 3893 676 3966 1X,
695 3909 718 3946 c
740 3893 766 3955 2,
785 3893 831 3946 ils
888 3889 1011 3962 marg.
1025 3891 1164 3959 omrem,
1182 3891 1248 3962 47⁸1.

108 3965 176 4020 Asu.
195 3966 246 4033 1v,
266 3966 330 4020 586.
433 3964 465 4036 3)
482 3967 616 4020 ductores
633 3967 738 4020 unsa
755 3968 904 4021 Turcsrum
922 3982 1022 4021 nomen
1040 3968 1151 4036 ssspim
1168 3965 1247 4018 Hun-

109 4043 181 4108 garis
200 4041 321 4094 tribuere
340 4040 436 4095 solent.
586 4039 618 4110 4)
638 4040 681 4095 (li.
706 4041 798 4096 Bootii
821 4041 894 4095 Phil.
914 4041 996 4096 Cous.
1014 4040 1038 4108 1,
1058 4042 1091 4094 ⁷:
1121 4039 1246 4094 Nubibus

110 4116 175 4168 stris
191 4115 197 4181 Ι
215 4115 326 4169 condita
337 4115 441 4170 nullum
458 4111 463 4187 Ι
479 4114 593 4169 fundere
605 4121 720 4184 possunt
735 4116 741 4182 Ι
757 4116 848 4172 sidera
860 4116 968 4182 lumeu3
987 4116 1026 4182 11,
1045 4116 1077 4168 8:
1098 4114 1167 4169 Cum
1182 4115 1260 4185 polo.

108 4188 237 4243 Phoebus
256 4225 264 4243 .
284 4229 291 4243 .
312 4229 319 4245 .
338 4189 343 4258 Ι
359 4190 450 4245 lucem
469 4206 598 4260 spargere
618 4191 749 4260 coeperit.
866 4189 898 4261 h)
917 4191 1002 4260 Verg.
1020 4191 1088 4244 Aen.
1108 4191 1157 4256 IX,
1175 4189 1246 4243 502:

109 4265 232 4334 sequitur
252 4263 355 4318 clsmor
366 4265 534 4335 -caalumqns
553 4265 679 4333 remugit.
755 4265 784 4332 6)
804 4266 900 4320 Iuvan.
920 4266 977 4320 aas
997 4265 1050 4332 ΙΙΙ,
1070 4265 1114 4318 80.
