2932 4718
243 222 475 278 LIUDPRANDI
494 221 758 277 aurnronosle.
795 221 869 276 LIB.
888 221 937 274 IV.
976 222 1096 277 30-33.
1210 221 1244 275 83

109 394 252 478 dederat,
274 395 412 483 nisuque
435 393 523 460 omni
548 391 753 460 adversarios
780 387 967 478 langahou.
1010 391 1134 460 Verum
1168 397 1307 496 quiante

111 481 235 547 incuria
267 503 333 547 non
366 478 471 546 solum
503 475 738 567 temporalibus
766 475 875 558 rebus,
905 475 962 544 sed
984 478 1124 546 aeternis
1146 491 1245 550 etnam

111 565 240 650 deditis,
262 577 360 654 atque
382 565 416 631 in
445 566 517 653 ipsa
543 565 689 630 internae
717 561 997 650 contemplationis
1022 564 1149 632 visione
1170 587 1245 635 con·

110 653 239 736 stitutis,
261 650 389 739 lapsum
410 670 643 738 nonnunquam
693 660 773 730 arat,
800 657 833 714 et
859 657 896 713 ut
916 647 1074 737 Vegetius
1100 649 1245 721 Renatus

109 739 144 803 in
158 735 241 803 libro
263 740 312 804 rei
334 735 481 804 militaris
503 736 578 818 ait²,
602 670 693 823 quod
712 734 904 800 ‘necessario
926 732 1066 822 amplior
1087 738 1246 806 securitas

110 823 242 909 gravius
264 821 346 890 solet
365 822 485 890 habere
506 820 702 903 discrimen',
724 819 916 885 Heinricum
939 819 1082 907 quodam
1097 822 1131 887 in
1147 824 1245 912 opido

109 920 293 975 manentem
329 909 491 974 incautius
515 928 556 973 ue
589 928 623 972 se
652 917 806 988 tuentem,
842 902 1009 991 predictus
1036 905 1246 976 Heverardns

110 991 245 1060 collecta
266 991 471 1060 multitudine
492 929 629 1073 dbsedit,
651 1013 690 1058 ac
713 991 905 1078 priusquam
926 987 1026 1057 frater
1047 991 1077 1057 ei
1100 1015 1159 1060 rex
1174 1017 1246 1062 am-

110 1078 292 1146 miniculari
313 1090 433 1168 posset,
456 1077 669 1167 expugnavit,
691 1097 869 1162 secumque
890 1073 981 1141 illum
1003 1086 1035 1144 et
1049 1098 1164 1165 gazam
1180 1102 1247 1146 non

110 1184 245 1266 parvam
266 1165 300 1231 in
323 1167 455 1265 propria
475 1163 737 1315 transportavit&
769 1160 843 1227 Rex
864 1161 965 1248 igitur
986 1169 1112 1228 tantum
1128 1163 1246 1251 fratris,

111 1273 211 1317 rmmo
234 1272 338 1333 suum,
361 1271 497 1338 cupiens
524 1246 566 1315 de
590 1270 666 1314 ecus
691 1245 870 1329 vindicare,
896 1245 1060 1334 prefatum
1087 1247 1248 1317 Heverar·

111 1334 187 1401 dum
210 1335 339 1425 sibique
360 1335 548 1402 coniventes
569 1343 637 1400 toto
660 1333 747 1421 cepit
769 1332 939 1398 conamine
956 1333 1119 1422 persequi.

195 1440 247 1506 21.
280 1437 490 1504 Heverardus
505 1459 583 1504 sane
598 1434 818 1503 Gislebertum
832 1434 1106 1523 Lotharingorum
1128 1437 1246 1507 ducem

109 1546 129 1590 a
149 1525 237 1611 regis
259 1521 414 1591 fidelitate
436 1524 633 1604 seiunxerat,
656 1523 750 1588 cuius
772 1519 934 1588 adiutorio
952 1522 1024 1609 regi
1038 1543 1105 1589 non
1119 1525 1248 1594 modice

109 1609 290 1676 resistebat.
334 1608 562 1697 Quamquam·
585 1608 670 1674 enim
692 1606 796 1674 isdem
819 1605 1022 1674 Gislebertus
1050 1609 1138 1695 regis
1161 1632 1248 1678 soro·

109 1717 177 1762 rem
200 1695 334 1762 haberet
354 1705 521 1778 uxorem‘,
552 1691 665 1759 maluit
691 1703 811 1776 tamen,
841 1690 1041 1780 suscipiendi
1067 1696 1161 1781 regni
1189 1719 1248 1786 spe
1293 1778 1296 1786 Ι

110 1783 281 1864 animatus,
303 1780 371 1867 regi
393 1780 552 1863 resistere,
575 1799 674 1867 quam
696 1799 781 1862 eum,
803 1786 840 1843 ut
855 1776 1019 1861 debuerat,
1042 1788 1156 1845 contra
1171 1803 1247 1850 snos

111 1865 235 1932 emulos
256 1864 422 1932 adiuvare.
467 1864 533 1932 Sed
555 1887 630 1930 cum
653 1886 687 1930 se
708 1883 769 1929 nec
796 1863 843 1928 sic
869 1864 1018 1930 resistere
1049 1863 1120 1952 regi
1148 1888 1246 1953 posse

113 1953 348 2040 conspicerent,
374 1972 441 2017 non
468 1948 640 2016 incallidob
663 1948 842 2016 secundum
869 1947 1043 2035 bominem,
1070 1949 1127 2016 sed
1155 1951 1246 2021 fatuo

110 2036 289 2103 secundum
322 2037 437 2120 deum,
470 2043 607 2125 accepto
645 2032 795 2119 consilio,
831 2031 1016 2101 huiusmodi
1051 2033 1246 2105 Heinricum

109 2119 217 2189 verbis
239 2125 451 2189 conveniunt:

195 2227 247 2292 22.
292 2223 339 2293 ‘Si
361 2224 505 2292 consiliis
527 2223 647 2290 nostris
668 2235 701 2290 te
723 2244 837 2312 parere
858 2221 955 2290 nobis
976 2224 1158 2293 iuramento
1173 2249 1247 2315 pro

110 2310 221 2395 mittis,
243 2331 309 2377 non
331 2310 446 2395 solnm,
470 2309 547 2399 quia
569 2319 684 2397 captus
707 2331 752 2391 es,
778 2318 811 2375 te
836 2306 1042 2394 dimittimus3
1078 2309 1136 2377 sed
1159 2313 1247 2401 quod

109 2398 215 2462 maius
238 2408 297 2480 est,
331 2398 358 2462 si
390 2408 500 2464 tamen
531 2416 591 2461 rex
619 2393 700 2461 velis
727 2393 808 2477 fieri,
841 2403 988 2461 nostrum
1016 2407 1049 2462 te
1078 2393 1247 2475 dominum

110 2481 355 2548 constituimns'.
398 2481 492 2548 Haec
513 2491 623 2547 autem
645 2499 711 2546 non
732 2501 771 2545 eo
787 2477 947 2565 dicebant,
969 2489 1005 2546 ut
1018 2479 1170 2568 facerent,
1190 2484 1248 2553 sed

110 2576 146 2633 nt
167 2569 237 2634 eius
259 2565 382 2634 auxilio
404 2587 517 2654 regem
538 2563 667 2631 facilius
689 2561 897 2632 debellarent
1258 2596 1313 2651 (η)

195 2673 248 2739 23.
293 2669 463 2738 Habuerat
489 2668 586 2757 plane
611 2691 671 2735 rex
699 2665 870 2734 nonnullas
901 2668 1094 2737 fortissimas
1124 2675 1247 2762 copias,

109 2755 346 2824 Herimannum
368 2754 491 2823 scilicet
514 2754 695 2821 Suevorum
717 2753 844 2837 ducem,
866 2753 1064 2843 fratremque
1086 2757 1156 2824 eins
1177 2757 1248 2826 Hu-

109 2851 248 2926 tonem⁵,
281 2852 380 2994 atqpe
413 2838 647 2909 Ohuonradum
680 2840 874 2941 cognomine
902 2838 1125 2928 Sapientem
1182 2843 1247 2927 Qui

110 2948 307 3015 quamquam
356 2926 511 2996 everardo
533 2924 700 2992 affinitatis
714 2923 801 2992 lmea
822 2926 1042 3014 iungerentur,
1064 2927 1248 2998 maluenmt

110 3024 218 3078 tamen
255 3014 348 3097 iuste,
386 3014 433 3079 εἰο
470 3013 646 3078 necessitas
683 3010 895 3095 incubuisset,
930 3010 1017 3079 iusto
1054 3033 1131 3078 cum
1166 3037 1245 3103 rege

111 3098 313 3199 occumbere,
350 3119 449 3186 qnam
488 3098 607 3165 iniuste
643 3117 718 3162 cum
755 3097 996 3184 consanguineo
1033 3097 1306 3186 stumpharestu

108 3181 282 3250 Heinricus
303 3185 402 3284 igitur
422 3183 581 3271 premissa
601 3182 668 3247 iam
686 3182 901 3268 promissione
917 3179 1082 3270 deceptus,
1103 3186 1244 3274 propriis

108 3290 187 3334 mox
210 3267 353 3334 collectis
375 3269 488 3357 copiis,
509 3267 586 3334 totis
611 3264 738 3334 viribus
768 3267 857 3355 ipsos
885 3266 1041 3335 adiuvare
1068 3289 1245 3360 regemque
1254 3273 1292 3318 ¹’¹·
1309 3273 1346 3328 ¹⁸2
1361 3273 1399 3315 ¹²·

109 3364 239 3456 ceperat
260 3353 451 3454 inpugnare.
495 3353 618 3420 Verum
642 3352 720 3440 quia
741 3352 899 3440 scriptum
922 3362 985 3419 est:
1028 3352 1175 3422 ‘Mentita
1196 3367 1246 3426 est

111 3439 265 3528 imquitas
295 3436 375 3523 sibr’,
404 3437 483 3507 libet
507 3436 676 3539 paululum
701 3438 878 3522 immorari,
911 3446 944 3504 et
970 3438 1245 3527 quemadmodum

109 3535 187 3592 tnnc
207 3525 343 3592 mentita
364 3525 407 3590 sit
427 3522 490 3608 sibi
507 3523 673 3612 iniquitas,
695 3520 868 3611 explicare.
911 3521 1143 3593 Haeremrdns
1156 3525 1246 3596 baud

109 3688 132 3743 ι)
148 3691 205 3732 nrm
220 3691 261 3734 rra.
278 3690 300 3733 e.
311 3689 366 3742 sora
377 3690 414 3732 aa
431 3700 500 3740 uque
516 3655 611 3742 aenea
620 3689 718 3741 maa
725 3688 863 3741 ,amsa
875 3687 912 3733 es.
923 3689 1084 3742 numnam
1093 3691 1140 3742 spa
1150 3693 1245 3745 meaa.

108 3749 133 3804 b)
148 3751 251 3793 tncnltde
269 3752 290 3794 1.
351 3748 373 3803 c)
389 3760 408 3791 ι.
424 3760 448 3791 n.
464 3751 480 3791 t.
497 3750 513 3792 l.
531 3761 551 3792 c.
568 3760 588 3791 r.
606 3759 627 3790 ο.
644 3760 669 3800 q.
685 3751 702 3792 l.
718 3749 796 3790 mat
812 3750 833 3792 3.
849 3749 871 3792 3.

110 3897 138 3966 1)
159 3899 200 3955 cf.
220 3900 356 3968 Reginca.
377 3908 448 3956 cont
469 3901 533 3955 337.
616 3899 647 3970 3)
665 3901 727 3954 Lib.
747 3901 793 3955 111
814 3917 838 3954 c.
858 3903 903 3954 33.
979 3898 1010 3969 3)
1029 3902 1145 3956 Nonab
1158 3902 1244 3957 llber-

108 3973 192 4028 hardo
212 3977 280 4044 ipso,
297 3975 349 4029 aad
369 3992 386 4029 a
404 3978 480 4030 socio
500 3979 558 4029 eius
576 3975 747 4029 Tbmcmaro
767 3977 875 4032 Ottonia
893 3977 976 4029 matre
991 3977 1086 4045 'spurio
1098 3977 1246 4031 Heinricus

111 4049 140 4100 in
164 4049 226 4102 loco
247 4048 291 4102 cni
316 4049 439 4104 Belecke
463 4066 562 4104 nomen
582 4056 632 4115 est,
653 4056 747 4120 captus
766 4051 817 4105 run
840 4057 922 4121 atque
942 4050 1100 4104 Eberhardo
1119 4052 1245 4106 traditus.
1313 4114 1314 4117 Ἰ

109 4119 139 4190 4)
160 4123 335 4191 (terbergam,
356 4126 390 4178 ct.
410 4125 481 4178 intra
501 4141 526 4178 c.
547 4126 591 4178 30.
617 4126 662 4177 33.
739 4122 769 4193 t)
789 4125 923 4192 Udonem,
948 4126 1065 4178 mcum
1081 4128 1173 4195 regis,
1199 4141 1246 4180 co·

109 4198 201 4250 mitem
220 4214 351 4268 pagorum
371 4200 522 4254 Ithacensis
543 4208 571 4253 et
584 4199 765 4254 Wetereibae.
812 4199 842 4269 6)
856 4198 1020 4265 conradum,
1040 4201 1086 4269 qni
1107 4208 1135 4254 et
1148 4199 1244 4255 curci·

108 4271 205 4341 poldns
224 4273 381 4341 vocabatur,
401 4275 593 4330 consobrinum
613 4289 713 4338 eornm.
