2932 4718
308 237 539 292 amorreum
558 237 824 293 maronosrs.
861 236 934 292 ne.
955 237 993 292 11.
1031 238 1057 292 d.
1223 241 1257 295 et

122 405 255 490 faceres,
280 407 368 496 quod
390 407 522 474 domino
549 419 605 475 tuo
633 406 761 475 rebellis
790 409 956 492 existeres,
984 409 1155 497 presertim
1183 431 1258 476 cum
1268 431 1318 476 sos.

122 504 155 560 et
183 492 272 582 quod
299 493 380 580 agis,
407 491 509 560 facias
538 493 654 580 gratis3
688 514 727 559 eo
755 493 841 559 enim
872 515 936 582 quo
964 492 1131 562 ferocitate
1158 494 1258 562 animi

121 579 294 659 vinceris1,
323 587 479 679 quantum
507 577 550 644 ab
576 577 736 662 omnibus,
766 578 921 666 precipue
948 600 969 645 a
996 601 1075 667 rege
1103 578 1257 680 diligaris,

64 693 67 698 ⁸
121 685 185 729 non
207 661 375 750 intellegis.
421 662 609 732 consulenti
634 664 744 766 itaque
766 663 846 730 mihi
867 664 965 731 fidem
987 662 1258 749 admitte31usiu·

121 748 260 815 randum
280 748 352 815 acci
396 770 493 837 ,quo
515 748 585 815 sine
601 750 706 815 animi
726 747 931 817 vacillatione
952 750 993 818 de
1015 748 1146 818 castello
1167 751 1258 819 exire

120 833 230 901 valeas
253 843 286 900 et
368 833 421 901 ‘a
467 832 503 901 Si
531 833 704 901 sacerdotii
733 835 797 900 mei
826 835 1097 925 promissionibus
1125 836 1258 905 minime

123 918 237 1002 credis,
261 919 443 986 iuramento
465 917 578 986 saltem
608 941 649 986 ne
679 917 818 1004 diffidas,
846 921 998 1009 quoniam
1020 932 1056 986 ut
1078 931 1109 989 te
1131 919 1257 989 salvum

121 1014 153 1071 et
172 1003 370 1071 incolumem
393 1003 434 1072 de
456 1003 590 1073 castello
612 1004 674 1071 hoc
696 1004 850 1090 eduxero,
881 1008 927 1074 its
952 1018 985 1074 et
1006 1005 1162 1074 reducere
1184 1029 1258 1095 pro·

73 1142 75 1145 .
121 1087 261 1157 curabo'.
294 1088 491 1158 Adelbertus
507 1091 607 1178 igitur
619 1089 806 1158 huiusmodi
819 1090 914 1159 melle
929 1089 1129 1159 dulcioribus
1144 1091 1258 1180 elogiis

121 1173 294 1261 delibutum,
316 1175 417 1242 immo
446 1175 611 1264 deceptus,
633 1176 857 1243 iusiurandum
883 1176 925 1243 ab
953 1176 1097 1245 Hattone
1118 1178 1256 1267 accepit,

121 1282 271 1350 eumque,
293 1273 330 1328 ut
351 1282 463 1329 secum
485 1260 669 1350 pranderet,
691 1263 838 1351 protinus
859 1263 1017 1329 invitavit
1062 1261 1162 1331 Hatto
1178 1284 1257 1331 vero

119 1347 413 1434 tergaversationis,
437 1367 534 1435 quam
557 1368 709 1414 exercere
730 1359 806 1435 post
826 1346 995 1436 paululum
1021 1357 1163 1436 cuperet,
1192 1370 1257 1416 non

120 1433 289 1515 inmemor,
325 1430 439 1498 eodem
474 1453 510 1497 se
544 1430 798 1583 haudquapuam
833 1454 1026 1520 pransurum
1063 1433 1258 1501 omnimodis

119 1517 297 1584 interdixit.
345 1516 415 1584 Nec
443 1538 546 1600 mora,
574 1516 676 1584 Hatto
726 1540 746 1584 e
775 1516 908 1585 castello
937 1517 1111 1605 egreditur.
1155 1515 1257 1586 Ouius

120 1603 288 1670 dexteram
310 1599 507 1668 Adelbertus
528 1614 650 1680 tenens,
678 1624 758 1669 mox
785 1625 860 1670 eum
909 1603 1104 1693 rosequitur.
1150 1603 1257 1686 Quem

120 1710 195 1754 cum
217 1697 311 1755 extra
332 1685 502 1754 castellum
520 1686 621 1755 Hatto
644 1689 860 1777 conspiceret:
883 1697 892 1730 ‘
922 1688 1059 1774 cenitet',
1080 1687 1161 1773 infit,
1184 1696 1256 1775 ‘me,

119 1773 214 1841 heros
247 1773 387 1860 egregie,
418 1771 505 1873 quod
535 1773 714 1874 secundum
741 1787 833 1842 tuum
862 1773 1054 1875 consultum,
1085 1776 1257 1876 presertim

121 1858 317 2011 sugoeffit
402 1858 1258 2015 ressurrecturum

119 1968 317 2181 l{uantumve
338 2028 505 2096 infortunii
526 1967 768 2096 hecqsententia
782 1968 915 2098 habaid:
938 2030 1179 2118 ‘Revertamur’,
1201 2032 1256 2117 ait,
1292 2006 1298 2018 ⁸

120 2120 128 2157 ‘
152 2115 259 2182 omine
281 2116 337 2266 nil
360 2124 393 2181 et
413 2136 455 2180 ne
477 2114 612 2181 ieiunii·
634 2116 852 2183 maceratione
870 2137 990 2204 corpus
1005 2115 1159 2200 tabescat,
1183 2117 1256 2186 cibo

120 2199 232 2267 saltem
255 2221 300 2288 pa
333 2197 423 2264 ulum
438 2198 601 2267 recreato’.
646 2199 810 2268 Ocnivens
830 2202 941 2290 itaque
956 2201 1025 2268 eius
1039 2201 1257 2291 peticionibus

118 2284 230 2368 Hatto,
252 2307 312 2373 per
334 2305 432 2372 quam
454 2306 529 2351 eum
552 2284 699 2370 eduxitl,
720 2285 889 2375 repedavit
902 2297 935 2354 et
947 2286 1107 2354 reducens
1122 2287 1258 2367 dextera

118 2383 240 2439 tenens.
285 2368 387 2436 Haud
400 2390 502 2454 mora,
525 2371 616 2437 cibm
638 2372 822 2456 assumitur,
838 2382 935 2473 atque
950 2369 1054 2474 abeis
1076 2371 1129 2474 die
1143 2371 1256 2440 eadem

117 2453 911 2630 liuduldffilrlliffillafflieln
921 2457 1258 2630 ittstttgt

116 2625 312 2694 advenisses
333 2627 508 2697 nuntiatur.
552 2625 626 2692 Rex
647 2639 794 2715 preterea
815 2627 913 2694 huius
935 2626 977 2694 ob
999 2625 1176 2696 adventum
1189 2649 1256 2695 non

116 2734 233 2800 panum
256 2709 464 2796 exhilaratus,
516 2734 646 2779 roceres
674 2712 718 2778 ad
746 2735 781 2779 se
808 2714 920 2780 venire
949 2722 1047 2802 atque
1077 2713 1112 2779 in
1140 2712 1255 2780 iuditio

116 2796 259 2865 residere
281 2798 438 2886 precepit
483 2735 611 2880 {uibus
633 2807 666 2863 et
686 2799 746 2864 ait:
776 2799 856 2864 ‘Iam
877 2797 944 2865 fere
967 2799 1136 2888 septennio
1157 2797 1256 2866 Adel·

116 2882 227 2950 bertus
261 2894 398 2969 quantas
430 2892 554 2970 strages
586 2881 720 2967 dederit,
782 2905 840 2950 uas
872 2884 966 2951 nobis
999 2881 1111 2951 turbas
1143 2885 1255 2971 egerit,

118 2978 198 3056 quot
218 2969 405 3055 rapinarum
427 2979 460 3036 et
481 2967 736 3034 incendiorum'
774 2971 900 3036 ortunia
921 2968 1024 3036 nobis
1037 2967 1189 3052 intulerit,
1218 2991 1254 3036 re
1387 2989 1394 3001 ·

116 3055 191 3142 ipsa
211 3053 321 3140 potins
343 3074 442 3141 quam
463 3052 551 3119 fama
572 3053 737 3120 deferente
751 3055 968 3143 percepimus.
1011 3054 1108 3123 Unde
1131 3064 1164 3121 et
1184 3076 1254 3122 sen·

117 3139 253 3206 tentiam
266 3147 417 3218 vestram,
440 3160 500 3227 pro
515 3137 578 3204 hoc
598 3142 685 3205 *mm
699 3138 846 3241 preclaro
867 3139 1010 3207 facinore
1031 3138 1111 3229 quid
1132 3161 1364 3226 recem-pm,

116 3224 316 3312 pausationis
345 3223 614 3312 inpresentiarum
643 3225 792 3312 accipiat,
820 3224 1050 3313 expectamns’.
1094 3224 1162 3308 Qui
1188 3246 1255 3291 om-

116 3311 208 3376 nium
222 3309 363 3393 decreto,
378 3309 557 3376 secundum
577 3308 758 3398 priscorum
772 3311 919 3378 instituta
931 3333 1057 3398 regum,
1078 3310 1255 3378 maiestatis
1291 3396 1293 3399 Ι

117 3417 191 3462 reus
224 3393 447 3479 adiudicatus,
485 3396 592 3484 eapite
624 3406 803 3463 runcatur.
856 3396 981 3462 Verum
1013 3396 1092 3463 dum
1123 3396 1254 3463 vinctus
1319 3406 1322 3410 ’

116 3479 299 3548 traheretur
329 3477 373 3546 ad
403 3489 552 3566 mortem
584 3480 762 3549 Hattonem
794 3482 945 3550 intuitus:
983 3480 1149 3564 ‘Periusii’,
1181 3479 1254 3549 infit

118 3571 202 3634 ‘reue
230 3565 304 3649 eris,
334 3565 362 3632 si
390 3575 511 3633 memet
534 3587 649 3633 necem
674 3567 860 3634 incurreree
888 3566 984 3634 sinis’.
1032 3564 1094 3634 cn
1114 3565 1252 3634 Hatto‘:

118 3649 253 3718 ‘Sanum
275 3653 326 3734 te',
347 3651 462 3741 inquit,
490 3657 518 3718 ‘e
547 3661 653 3718 castro
683 3647 891 3736 educturum,
911 3652 957 3718 ita
983 3660 1016 3721 et
1043 3649 1253 3718 reducturum

117 3736 266 3823 promisi,
289 3734 377 3826 quod
397 3757 450 3803 me
472 3748 550 3804 tunc
571 3736 739 3826 conplesse
760 3735 914 3822 intellexi,
937 3758 1012 3802 cum
1034 3745 1066 3804 te
1088 3732 1253 3804 ecastello
1354 3804 1360 3835 ι

118 3820 281 3907 eductum,
315 3820 441 3889 salvum
474 3832 507 3890 et
533 3820 749 3890 incolumem⁸
781 3844 880 3912 quarn
909 3843 988 3888 mox
1017 3822 1052 3887 in
1085 3818 1252 3889 metellum
1358 3837 1362 3844 ’

118 4012 142 4116 pp
142 4015 342 4130 pezusspinelup
359 4017 460 4130 mun
469 4013 653 4118 mcxxi
691 4013 713 4070 e)
730 4017 823 4060 tecum
840 4019 860 4060 1.
927 4013 1061 4069 emtor.
1123 4011 1253 4070 statues

107 4208 146 4274 .¹)
165 4206 184 4263 i.
205 4225 230 4262 s.
249 4216 360 4278 propter
381 4187 551 4264 ferocitatem
577 4210 671 4276 enimi,
696 4216 802 4279 quate
827 4210 901 4263 vinci
926 4210 1000 4275 sinis
1024 4223 1079 4264 non
1104 4207 1253 4278 intellegis,

110 4288 245 4354 ‘quantum
264 4291 312 4337 stc.
389 4282 418 4352 2)
437 4286 457 4338 i.
478 4302 502 4339 s.
521 4284 558 4338 ad
579 4299 672 4354 regern
691 4287 807 4340 semus.
1183 4287 1186 4293 '
