2932 4718
245 218 476 273 LlUDPRANDl
494 217 760 272 ANTArooosls.
798 218 870 272 LIB.
889 218 936 272 1v.
979 219 1097 274 tt-tt.
1209 217 1244 271 87

108 392 179 458 viro
203 345 271 457 suo¹
285 389 388 456 tilium
417 389 554 489 peperit,
587 410 685 477 quem
712 391 843 455 vocarit
873 387 1102 471 OTTONEM,
1128 391 1244 473 istum,

109 478 254 566 inquam,
278 478 370 542 ouius
393 473 507 540 mundi
534 486 642 561 partes
668 472 865 561 aquilonaris
888 485 920 542 et
942 475 1080 542 occidua
1101 476 1245 577 potentia

109 587 144 631 re
213 573 275 645 tur,
297 561 475 661 sapientia·
496 557 721 647 pacificantur,
742 557 898 648 religione
911 559 1081 643 laetantur,
1103 561 1245 648 iustique

109 649 144 713 iu
169 647 223 714 ‘cii
245 657 415 713 severitate
437 655 607 712 terrentur.
657 644 737 711 Post
765 647 888 734 regiam
916 658 1025 714 autem
1054 645 1244 746 dignitatem

109 732 190 800 duos
212 733 348 821 peperit,
371 752 473 797 unum
495 752 592 819 quem
614 731 716 831 patris
737 732 870 798 nomine
889 734 1023 799 vocavit
1043 731 1245 813 Hemricum,

109 817 226 884 mostis
249 819 326 884 satis
349 828 508 898 ornatum,
535 815 679 881 consutis
724 814 884 900 rapidum,
912 815 1020 884 viduis
1048 818 1153 885 nitore
1174 839 1246 905 gra·

110 905 240 986 tiosum,
274 901 443 969 oculorum
472 900 641 989 uigilantia
679 838 862 1054 placidum
895 903 993 968 ouius
1029 904 1151 969 recenti
1185 923 1246 989 pro

110 987 242 1056 funere¹
266 1010 332 1055 non
353 987 535 1054 mediocres
555 985 662 1053 adhuc
697 987 835 1054 acrimas
856 985 1032 1055 fundimus.
1077 987 1247 1054 'Tercium
1260 993 1361 1048 'aut

111 1072 227 1142 deinde
249 1074 362 1141 Bruno
384 1074 532 1139 nomine¹
563 1094 659 1161 quem
682 1082 775 1161 pater
795 1085 936 1157 sanctus,
968 1071 1246 1163 quoniaquord·

111 1159 223 1226 manni
245 1159 486 1226 Traieotensem
509 1156 736 1225 destruxerant
758 1160 890 1225 omnino
912 1158 1072 1242 eclesiam,
1100 1158 1141 1226 ob
1164 1158 1247 1226 eius·

111 1244 186 1312 dem
208 1244 487 1333 recuperationem
515 1241 621 1310 eidem
647 1241 751 1310 voluit
777 1243 925 1312 militare.
970 1243 1093 1312 Verum
1116 1253 1152 1310 ut
1172 1243 1247 1310 isto·

111 1353 185 1483 rupi
212 1341 305 1398 actus
335 1331 402 1396 suis
430 1330 465 1394 in
491 1326 572 1394 locis
598 1326 696 1395 latius
726 1328 937 1418 explicemus,
973 1329 1017 1397 ad
1042 1328 1247 1419 propositum

110 1439 146 1482 re
170 1438 293 1484 earnm.

199 1503 249 1570 16.
295 1499 444 1583 Quantae
459 1497 558 1564 fuerit
570 1497 762 1586 prudentiae
779 1509 984 1588 quantaeque
998 1521 1059 1566 rex
1073 1499 1248 1566 Heinrious
1258 1521 1310 1566 aas.

112 1586 257 1669 scientie,
280 1585 357 1651 hinc
377 1583 510 1673 probari
531 1595 647 1671 potest,
670 1582 758 1672 quod
773 1583 977 1673 potissimum
992 1606 1031 1651 ac
1046 1583 1249 1672 religiosissi-

112 1693 203 1738 mum
235 1681 385 1737 natorum
419 1690 551 1735 suorum
573 1691 684 1757 regem
712 1670 890 1737 constituit
934 1670 1130 1737 Imminebat
1151 1669 1248 1754 enim,

111 1778 171 1822 rex
191 1755 452 1846 prudentissime,
482 1754 573 1821 obitu
603 1765 658 1821 tuo
686 1754 786 1821 totius
807 1752 920 1845 populi
950 1777 1053 1839 casus,
1084 1755 1110 1821 si
1140 1764 1249 1823 tantus

112 1842 222 1930 regiae
242 1841 392 1930 dignitati
420 1861 485 1906 non
515 1838 640 1906 subiret
659 1840 812 1907 vicarius.
864 1840 939 1924 Qua
961 1863 1004 1909 ex
1025 1865 1061 1910 re
1082 1841 1117 1906 in
1139 1840 1248 1907 ambo

111 1949 185 1993 rum
205 1926 302 1994 laude
324 1926 384 1992 hos
404 1926 578 2026 pangimus
598 1946 727 1991 versus:

326 2012 401 2099 Ipse
424 2032 480 2100 qm
502 2009 641 2076 condam
663 2031 817 2099 superare
838 2019 952 2099 gentes

327 2097 449 2186 impias
469 2093 554 2163 bello
577 2093 689 2163 solinus
712 2105 856 2180 cruento,
994 2177 996 2180 Α

327 2182 487 2248 Novimus
508 2201 604 2264 nunc,
626 2203 695 2265 rex,
718 2179 847 2249 dederis
868 2179 997 2283 popello

327 2269 432 2334 Morte
454 2278 491 2334 tn
513 2276 651 2355 quantas
695 2267 805 2355 ropn'a
827 2277 966 2333 rumas&

288 2371 303 2423 s
329 2350 440 2419 Turba
461 2353 608 2425 certatim
629 2287 764 2419 uiduata
784 2349 866 2418 karo

328 2438 428 2525 Rege,
450 2439 516 2504 iam
539 2445 642 2504 cesset
661 2435 841 2521 lacrimare,
864 2435 995 2538 quando

328 2521 422 2589 Alter
442 2523 573 2610 exurgit
592 2522 797 2589 venerandus
819 2521 899 2605 orbs,

328 2607 440 2692 Filius,
463 2609 548 2695 patri
570 2605 683 2674 similis
707 2607 826 2675 cluenti

331 2695 409 2761 Otto
431 2715 500 2776 rex,
523 2705 637 2780 gentes
658 2692 786 2759 dicione
807 2715 861 2759 ma
907 2715 926 2758 a

270 2797 305 2849 10
330 2778 396 2862 Qui
418 2789 554 2867 premet,
574 2799 755 2882 pacemque
777 2777 858 2846 feret
903 2787 1017 2846 eatam.

330 2863 496 2965 Quicquid
518 2862 667 2931 Hernrici
713 2863 787 2931 eriit
807 2886 950 2948 recessu,

330 2950 475 3018 Prestrtit
497 2947 584 3015 claro
606 2886 736 3050 populis
758 2947 813 3015 hic
834 2960 917 3033 ortu,

330 3034 476 3101 Blandus
500 3046 531 3102 et
552 3035 640 3102 mitra
685 3036 853 3125 atiensque
877 3034 1007 3118 sanctis,

330 3119 468 3187 Pestifer
490 3117 610 3187 durusl‘
633 3057 831 3210 rolridusque
852 3119 966 3187 saevis.

272 3225 306 3275 15
331 3204 422 3277 Bella
442 3203 604 3272 nonnullis
625 3205 685 3273 tibi
708 3217 784 3272 sunt
804 3202 962 3294 gerenda3

332 3291 387 3357 Ex
408 3291 527 3379 quibus
551 3312 671 3357 nomen
691 3288 835 3357 referens
856 3293 892 3356 in
912 3300 1009 3372 astra,

334 3375 460 3443 Cuncta
483 3374 623 3442 calcabis
669 3373 784 3443 edibus
807 3397 866 3465 per
887 3374 1010 3455 orbem,

333 3460 427 3544 Quae
541 3458 566 3527 it
586 3397 698 3526 tardus
719 3458 850 3527 radians
871 3457 1020 3542 Bootes⁴,

262 3568 267 3578 ·
332 3545 376 3612 Et
398 3567 453 3646 qm
478 3567 517 3611 us
537 3566 656 3612 nomen
678 3543 769 3614 dedit
788 3545 918 3634 Hesper
939 3542 1057 3611 almus:

268 3648 308 3701 20
332 3630 465 3697 Lucifer
485 3651 596 3697 rursus
617 3631 780 3698 vocitatus
802 3630 933 3714 idem,⁴-

227 3763 236 3782 .
330 3715 461 3804 surgere
482 3714 570 3782 Eoo*
592 3737 771 3804 properans
793 3715 984 3784 eoruscoss.
1266 3747 1327 3793 ·„11
1343 3759 1404 3793 nn.

115 3881 143 3934 a)
157 3883 274 3940 mpltntta
291 3886 312 3925 1.
373 3882 396 3936 b)
417 3883 481 3925 turta
498 3881 536 3924 ta.
597 3879 619 3935 a)
631 3881 712 3933 flnrttt
723 3882 815 3926 sellim
830 3891 883 3925 snm
897 3891 942 3924 eoo
955 3881 977 3924 t.
993 3878 1074 3931 suren
1088 3875 1130 3919 ud
1145 3886 1198 3918 eum
1210 3885 1255 3918 eoo

120 3942 156 3986 ts.
167 3954 217 3986 acac
228 3955 247 3986 ι.
262 3943 370 3998 (educet)
379 3943 435 3984 mala
445 3942 559 3984 mma.
614 3943 640 3997 ά)
647 3943 735 3984 amm
745 3941 840 3995 quau
847 3941 979 3985 intucaris
987 3938 1157 3992 summm
1165 3945 1192 3978 ιι
1200 3937 1221 3978 1.
1232 3935 1254 3978 t.

122 4072 150 4143 1)
171 4092 196 4130 a.
217 4075 281 4132 att.
300 4077 369 4133 Nor.
390 4079 417 4132 1.
474 4074 504 4146 2)
524 4077 602 4130 Obiit
620 4076 858 4132 tinomaus.
896 4077 939 4130 Ds
958 4074 1084 4128 Trtiesto
1102 4076 1257 4125 mstsursto

122 4151 157 4206 ct.
177 4151 309 4220 Rootgeri
327 4154 412 4207 vitam
428 4151 547 4206 Brunon.
562 4167 587 4206 c.
600 4153 627 4204 4.
686 4148 716 4218 3)
729 4149 779 4204 ot
799 4150 889 4205 Boetii
907 4148 979 4202 Phil,
999 4145 1110 4201 Cousol.
1129 4145 1159 4200 11
1180 4160 1203 4198 c.
1225 4144 1257 4197 tr

121 4225 252 4279 Novimus
271 4236 386 4296 quantes
407 4226 514 4280 dederit
531 4227 656 4281 ruinas...
668 4225 764 4278 Fratre
785 4227 832 4294 qui
851 4221 987 4293 quondum
1000 4223 1072 4275 ferus
1085 4223 1258 4289 interempto.

121 4301 150 4367 4)
170 4299 283 4354 Boetius
301 4302 322 4356 l.
340 4303 361 4357 l.
381 4301 431 4366 IV,
450 4303 475 4366 t,
495 4303 528 4354 δε
568 4300 623 4355 Cur
640 4300 717 4369 legat
735 4298 828 4354 urdus
848 4297 965 4354 claustra
984 4297 1095 4351 Bootes.
1164 4293 1194 4363 t)
1216 4293 1258 4350 Gt.

119 4375 242 4431 Senecae
260 4377 388 4432 Phaedra
407 4394 434 4430 r.
456 4376 610 4428 itt-⁷60.
