2932 4718
240 195 276 260 40
388 205 621 260 LIUDPRANDI
639 202 902 259 isiffonosis.
940 204 1011 258 LIB.
1031 205 1071 258 11.
1108 204 1229 258 31-84.

178 395 229 439 sss.
241 378 395 468 quatinus
423 398 490 444 non
542 377 609 443 rius
630 375 726 443 vobis
754 375 896 442 secundo
924 375 1115 462 sagittarum
1141 375 1268 477 possint
1292 375 1375 458 ictus

240 464 396 547 emittere,
424 485 489 574 quo
563 472 745 529 vestrorum
782 459 844 527 sibi
875 482 1042 527 armorum
1074 471 1215 528 sentiunt
1241 458 1376 528 vulnera

241 548 447 638 pervenisse.
491 546 638 616 Saxones
659 547 762 635 igitur
782 545 1011 613 admonitionis
1034 546 1131 614 huius
1146 543 1376 614 saluberrimas

240 656 307 702 non
333 634 539 717 inmemores,
573 631 721 699 ordinata
748 629 928 720 aequaliter
957 633 1027 720 acie
1054 643 1198 717 currunt,
1227 654 1292 712 nec
1318 641 1377 714 est,

186 750 188 754 ·
263 721 298 786 ui
318 717 472 786 velociori
493 717 668 786 tardiorem
689 727 833 784 nauseat
854 739 953 807 equ03
979 740 1094 785 verum
1116 717 1237 806 clipeis,
1258 729 1296 785 ut
1317 737 1377 785 rex

264 806 272 822 ’
299 815 377 888 erat,
399 802 590 871 altrinsecus
617 824 675 870 coo
701 804 771 886 orti,
800 803 996 891 sagittarum
1022 826 1123 892 super
1151 803 1271 894 clipeos
1297 800 1377 870 reei-

211 893 218 901 ’
241 891 337 980 piunt
356 891 441 957 ictus
456 890 636 974 innocuos3
688 888 793 972 einde,
815 900 852 955 ut
871 889 923 955 vir
943 888 1216 977 prudentissimus
1238 888 1376 971 dinem,

241 974 420 1064 supernos
442 997 540 1042 cursu
560 975 687 1062 prepeti
712 975 856 1058 veniunt,
884 973 967 1041 adeo
997 987 1035 1041 ut
1062 996 1176 1041 eorum
1197 975 1289 1075 prius
1309 973 1379 1040 viu
1408 981 1409 984 ’

242 1082 318 1127 cum
338 1061 464 1148 gemitu
484 1059 620 1148 fugeret,
643 1081 743 1150 quam
764 1059 908 1126 secundo
927 1058 1109 1126 iaculorum
1124 1059 1260 1126 fulmina
1273 1059 1378 1126 mitte·

170 1172 174 1180 ·
241 1158 364 1215 rentur.
406 1146 527 1233 Fitque
549 1143 652 1211 divini
672 1146 816 1212 muneris
837 1146 966 1234 pietate,
995 1153 1032 1212 ut
1052 1144 1167 1234 potius⁴
1183 1143 1243 1211 hos
1265 1143 1378 1233 fugere

241 1253 342 1383 quam
371 1229 501 1319 preliari
527 1231 628 1298 iuvet
676 1228 784 1308 Velox
813 1241 891 1297 tunc
918 1230 1048 1383 sonipes
1075 1230 1170 1318 piger
1219 1229 1376 1311 ueritur13

254 1315 415 1383 alermum
459 1327 585 1384 reteraa
606 1315 703 1383 decor
724 1336 954 1406 armorumque
1006 1337 1086 1382 onor
1113 1338 1179 1383 non
1234 1314 1379 1404 imgariis

156 1437 158 1444 1
242 1400 372 1485 tutelas,
394 1339 458 1468 sed
473 1399 587 1468 honeri
609 1412 710 1468 erant.
746 1399 893 1468 Abiectis
916 1402 1039 1503 quippe
1061 1401 1213 1485 arcubus,
1235 1399 1379 1466 dimissis

242 1485 384 1574 spiculis,
405 1485 560 1554 faleribus
582 1487 690 1571 etiam,
713 1509 777 1576 quo
801 1486 987 1576 expedimus
1009 1510 1026 1553 e
1051 1488 1086 1552 ui
1107 1496 1284 1570 currerent,
1305 1506 1380 1574 pro·

241 1572 343 1656 iestis,
365 1572 462 1673 fugae
484 1571 685 1638 solummodo
709 1577 841 1661 operam
863 1572 995 1638 dabant.
1028 1509 1152 1639 i'erum
1174 1572 1379 1660 omnipotens

149 1673 152 1680 '
243 1655 334 1741 deus,
368 1680 424 1746 qui
456 1656 625 1744 pugnandi
657 1658 704 1724 eis
736 1657 902 1728 audatiam
934 1656 1061 1740 tulerat,
1100 1657 1248 1746 fugiendi
1280 1657 1379 1724 etiam

204 1801 221 1820 ,
243 1743 371 1829 copiam
393 1744 522 1810 omnino
545 1741 695 1830 negabat.
740 1742 851 1810 Caesis
872 1744 973 1830 igitur
987 1742 1173 1830 fugatisque
1188 1741 1379 1828 Hunguriis,

242 1828 390 1894 inmensa
412 1829 615 1916 captivorum
637 1826 733 1894 turba
755 1827 951 1912 dissolvimur,
981 1840 1079 1916 atque
1107 1829 1142 1892 in
1162 1825 1283 1895 letitiae
1306 1847 1379 1892 con·

243 1925 314 1978 tum
333 1934 400 1977 vox
428 1913 569 2001 gemitus
590 1923 802 2000 permutatur.
853 1912 953 1979 Hunc
973 1936 1051 1981 vero
1080 1911 1282 2000 triumphum
1310 1923 1379 1978 tam

242 1995 339 2063 laude
385 2020 460 2064 uam
482 1998 639 2065 memoria
660 1998 806 2086 dignum,
828 1997 871 2063 ad
885 1998 1078 2086 Meresburg
1095 2021 1155 2064 rex
1169 1996 1379 2085 insuperiori

244 2103 343 2148 cenae
380 2083 538 2150 odomus
560 2105 620 2170 per
641 2091 844 2172 ζογραφεῖαν,
867 2083 1041 2171 zografian,
1067 2083 1104 2149 id
1132 2093 1182 2150 est
1208 2082 1379 2182 picturam,

242 2179 355 2318 nodtarc
376 2170 531 2257 precepit,
553 2167 634 2234 adeo
649 2180 768 2236 utrem
782 2190 893 2235 veram
907 2171 1017 2257 potius
1038 2189 1138 2258 quam
1152 2191 1222 2235 veri
1242 2165 1380 2234 similem

241 2253 275 2319 vi
298 2263 383 2319 eas’.
1049 2299 1050 2302 ,

129 2354 131 2358 ’
171 2351 231 2409 (1⁰.)
330 2339 382 2405 32.
414 2337 506 2405 Dum
532 2337 592 2405 hec
620 2350 762 2427 aguntur
806 2337 973 2408 italienses
1001 2361 1105 2440 poene
1134 2359 1246 2404 omncs
1277 2335 1380 2404 Hulo·

183 2413 237 2517 Q·
246 2422 377 2489 doicum
399 2423 590 2525 quendami,
613 2425 749 2512 Burgun
775 2424 885 2490 'onum
901 2447 1058 2512 sanguine
1080 2424 1235 2510 genitum,
1257 2423 1381 2506 nuntiis

245 2508 374 2575 directis
402 2510 549 2594 mvitant,
578 2519 615 2574 ut
647 2530 702 2576 eos
730 2508 915 2595 advenisti,
948 2531 1151 2598 regnumque
1181 2507 1380 2595 Berengario

245 2593 371 2660 auferat
392 2595 519 2695 sibique
544 2592 697 2660 obtineat.
1097 2616 1102 2622 ·

332 2679 383 2746 33.
415 2679 524 2745 Huius
549 2700 627 2746 vcro
659 2689 726 2746 tam
753 2683 857 2769 turpis
885 2680 1013 2747 sceleris
1040 2691 1155 2746 auctor
1183 2675 1380 2745 Adelbertus

245 2763 428 2865 Eporegiae
441 2764 591 2831 civitatis
612 2764 756 2831 marchio
780 2777 877 2848 eruit
906 2766 960 2832 cui
988 2777 1021 2831 et
1047 2764 1134 2831 idem
1160 2763 1380 2849 Berengarius

245 2847 346 2914 filiam
370 2871 472 2934 suam,
495 2849 626 2917 nomine
643 2847 779 2933 Gislam,
802 2852 953 2938 coniugio
977 2849 1179 2939 copularat03
1201 2871 1243 2915 ex
1266 2871 1333 2936 qua
1347 2859 1380 2915 ct

200 2966 203 2970 ⁴
245 2933 349 3000 filium
377 2945 543 3021 genuerat,
572 2934 626 3000 cui
653 2937 705 3000 avi
732 2937 783 3000 sui
809 2935 1005 3003 vocabulum
1035 2934 1178 3000 dederat.
1226 2933 1293 3000 Iste
1321 2943 1380 3018 est,

245 3019 389 3109 inquam,
418 3021 478 3087 iste
505 3020 724 3122 Bereugarius
750 3020 813 3106 ille,
845 3023 936 3087 cuius
966 3019 1172 3086 inmensitate
1198 3017 1380 3107 tyrannidis

246 3117 313 3172 tota
339 3103 459 3171 nuncl
505 3114 536 3173 et
557 3104 660 3189 ltaha,
695 3106 852 3194 cuiusque
883 3105 1042 3172 lenocinio
1070 3127 1089 3168 a
1120 3102 1381 3192 quibuscumque

244 3189 397 3277 gentibus
423 3215 482 3280 per
507 3192 514 3206 ‘
553 3191 625 3274 tur,
654 3212 720 3256 non
746 3192 878 3258 iuvatur
887 3203 908 3257 ⁵.
953 3190 1020 3260 Sed
1049 3200 1086 3254 ut
1115 3188 1248 3255 adrem
1269 3187 1380 3257 redea-

245 3298 328 3359 mus,
351 3277 427 3343 satis
449 3297 535 3342 nunc
557 3275 679 3343 dixisse
702 3274 845 3344 suffitiat.

136 3389 234 3443 ·p.ass.
332 3363 410 3427 ⁸34.
441 3360 593 3428 Pretcrea
614 3359 701 3428 idem
717 3360 922 3443 Adelbertus,
950 3359 1038 3448 quod
1052 3359 1146 3426 bonis
1163 3355 1313 3424 omnibus
1329 3378 1381 3423 ca-

245 3445 389 3512 vendum
421 3456 485 3528 est,
518 3446 707 3533 nequissimi
741 3447 865 3513 moris²
886 3446 956 3512 fuit.
1007 3444 1092 3511 Nam
1125 3443 1204 3510 dum
1236 3443 1381 3510 fervente

245 3572 268 3625 a)
286 3575 403 3616 adueniat
418 3585 474 3615 corr.
490 3555 605 3616 'adueniat
621 3577 641 3616 l.
741 3576 765 3627 b)
783 3577 910 3626 coniungis
927 3576 1050 3627 cupularet
1066 3576 1088 3616 i.
1179 3570 1200 3622 c)
1219 3600 1234 3613 ..
1246 3571 1383 3614 almiliorls

244 3634 441 3737 iiitriindisidii
455 3634 530 3735 gipplli
545 3635 592 3674 oris
608 3634 652 3675 iult
662 3634 682 3677 i.
698 3637 837 3686 nequissimi
851 3637 933 3677 livoris
943 3635 985 3676 fult
996 3635 1031 3677 ta.
1048 3636 1073 3676 in
1088 3633 1135 3674 loco
1150 3642 1216 3682 raso,·
1232 3641 1383 3710 nequaquam

193 3837 199 3856 ,
248 3790 276 3858 1)
295 3794 315 3842 i.
337 3807 360 3843 e.
381 3797 507 3854 vocatur3
535 3793 581 3858 qui
600 3791 690 3845 veloci
711 3809 781 3860 equo
800 3792 935 3858 utebatur,
957 3793 991 3845 ds
1012 3809 1044 3844 eo
1066 3792 1143 3859 quusi
1162 3791 1240 3858 pigro
1262 3805 1380 3858 conque·

245 3867 327 3930 ritur;
353 3871 447 3918 auctor
473 3862 609 3933 ‘queritur'
637 3869 745 3935 passive
771 3874 892 3936 usurpat.
969 3865 999 3932 2)
1020 3866 1101 3930 Haud
1124 3867 1224 3916 iniuste
1250 3865 1401 3917 coniicias·

245 3941 416 4008 peregrinum
436 3941 541 4008 pictura
561 3939 609 3991 illa
628 3942 709 3994 facilc
729 3944 757 3994 in
776 3942 858 3994 taleni
876 3957 992 3994 errorem
1006 3941 1099 3994 induci
1118 3940 1247 4006 potuisse,
1265 3944 1294 3990 ut
1307 3938 1381 3990 Mar·

245 4015 396 4081 tisburgum
408 4016 488 4067 etium
503 4015 599 4083 proelii
612 4015 702 4069 locum
712 4016 795 4070 fuisse
810 4017 1011 4069 existimaverit.
1071 4012 1100 4082 3)
1113 4013 1214 4066 Filium
1224 4013 1340 4066 Bononia
1354 4012 1382 4064 st

245 4083 1380 4159 IrmingardusHludowicilI.imperatorisfiliaassurgundiuaregem(890-928).

246 4163 275 4220 ii
295 4163 381 4215 Filius
404 4164 540 4230 Auscurii,
568 4168 612 4216 cui
638 4182 660 4218 c.
680 4165 734 4218 899
755 4168 900 4232 successit,
921 4165 955 4217 ci.
976 4181 999 4217 c.
1021 4165 1068 4229 56,
1095 4164 1120 4215 V
1140 4179 1164 4214 e.
1184 4164 1211 4214 4.
1245 4213 1250 4220 ,
1288 4161 1316 4228 5)
1337 4161 1382 4215 Gt.

246 4237 317 4290 iiiut.
337 4238 393 4291 ott.
416 4240 440 4302 1,
460 4239 521 4291 Ant.
543 4239 587 4292 111
607 4256 630 4291 c.
653 4243 677 4294 1.
