2932 4718
215 264 250 315 46
364 261 597 316 LIUDPRANDI
615 260 882 315 maronosm.
920 260 993 316 m.
1012 263 1051 317 11.
1088 261 1209 315 dd-bl.

31 484 34 492 ’
144 430 1110 606 2³³³ttdtudtttta0‚ittlfltiaetttbt
1124 429 1354 584 3332?th

214 607 444 692 Romanasque
466 602 564 671 urbes
586 602 725 670 misere⁸
747 601 924 669 laniabant

300 691 353 758 49.
398 687 549 755 Acciditb
592 688 732 770 interea,
774 687 959 755 Poenorum
1000 687 1163 778 quendam
1198 688 1354 754 iuvenem

214 777 340 844 iniuriis
379 773 601 840 lacesscitum·
622 773 750 840 Poenos
789 770 940 841 deserere
982 772 1137 875 huncque
1172 771 1355 840 iohannem

162 862 169 877 ⁸
213 883 336 952 papam
361 858 524 943 advenire,
556 881 658 948 seque
680 857 792 925 divino
820 870 943 926 tactum
964 861 1139 949 spiramine
1165 880 1286 947 papam
1307 857 1357 926 ita

215 945 421 1018 convenisse:
443 943 614 1012 ‘Sacerdos
628 966 758 1033 magne,
780 944 809 1011 si
823 965 965 1033 saperes,
986 945 1145 1033 populum
1167 956 1355 1046 terramque

215 1031 276 1100 tibi
291 1031 472 1098 subiectam
485 1030 613 1096 Poenos
634 1040 702 1096 tam
723 1030 867 1117 graviter
887 1028 1009 1096 laniare
1024 1051 1090 1096 non
1104 1031 1235 1097 sineres.
1256 1027 1355 1116 Elige

214 1119 316 1207 igitur
343 1117 478 1184 iuvenes
505 1116 606 1182 nimia
628 1115 721 1204 quasi
742 1113 921 1182 mobilitate
941 1114 1119 1204 volipedes,
1143 1115 1199 1204 qui
1219 1136 1273 1181 me
1294 1114 1355 1180 im·

214 1212 407 1293 peratorem,
440 1210 654 1352 reoepmrem,
664 1199 832 1266 dominum
844 1200 1058 1290 equanimiter
1065 1200 1211 1267 audiant.
1224 1198 1357 1265 Horum

214 1288 378 1355 neminem
437 1284 506 1373 ‘qui
556 1295 665 1374 preter
693 1284 838 1374 singulas
864 1307 996 1376 parmas
1028 1285 1240 1374 singulosque
1268 1282 1354 1374 pilos

213 1394 374 1526 lqqrqesque
395 1369 550 1523 singtqlqs,
572 1392 612 1438 ac
633 1370 797 1460 simplices
813 1382 919 1439 vestes
942 1394 1018 1439 cum
1032 1372 1212 1461 exiguitate
1226 1367 1356 1437 obsonii

280 1479 334 1525 ere
378 1478 460 1523 erm1
489 1479 528 1523 o.

300 1480 377 1610 50ss
407 1541 473 1608 LX
504 1540 645 1630 denique
677 1540 864 1609 huiusmodi
895 1541 1035 1608 inventis
1064 1539 1194 1629 sibique
1216 1537 1355 1624 traditis,

214 1630 323 1697 Penes
345 1637 457 1694 contra
476 1636 639 1728 properat,
659 1625 818 1716 latuitque
841 1648 935 1694 secus
954 1637 1210 1716 angustas„qua
1230 1626 1356 1692 Poeno-

215 1714 312 1781 nunl
334 1713 396 1780 iter
417 1721 497 1794 erat,
519 1734 598 1777 nas.
644 1709 794 1802 Cumque
817 1712 1030 1779 circumcirca
1051 1714 1162 1801 sepius
1184 1719 1217 1778 et
1236 1711 1354 1776 iterum

215 1799 318 1868 Poeni
346 1797 581 1886 depopulantes
602 1796 760 1883 redirent,
791 1796 864 1864 olan
889 1819 944 1863 ore
966 1820 1043 1866 cum
1063 1798 1209 1863 maximo
1231 1818 1275 1862 ex
1295 1795 1355 1860 im·

216 1885 392 1973 provisus
429 1905 472 1949 ue
493 1882 657 1971 insperato
678 1883 713 1949 hi
728 1906 771 1949 ex
792 1884 856 1949 insi
881 1883 900 1898 ''
939 1883 1144 1971 prosilientes
1152 1894 1177 1967 ⁰,
1200 1903 1256 1948 eos
1277 1879 1355 1946 levi·

103 1979 145 2035 'o
155 1981 207 2024 ²⁹⁸·
216 1982 267 2036 ter
295 1966 424 2035 trucida
447 1979 512 2034 ant
557 1967 689 2034 Clamor
715 1991 758 2035 ex
786 1990 858 2051 ore,
888 1969 1040 2056 ictusque
1070 1966 1167 2034 simul
1188 1988 1209 2031 a
1230 1971 1355 2032 'manu

216 2064 451 2144 processerant.
493 2051 609 2142 Neque
635 2054 722 2120 enim
751 2054 867 2137 Poeni,
920 2054 955 2119 ui
984 2052 1104 2143 quidve
1134 2061 1233 2131 esset,
1262 2051 1355 2140 prius

218 2140 301 2207 scire
321 2146 488 2227 poterant,
539 2160 616 2204 uam
646 2140 783 2206 istorum
807 2140 878 2227 spic
955 2137 1072 2205 horum
1094 2135 1284 2226 corporibus
1306 2136 1354 2201 in·

216 2225 375 2293 bererent.
417 2223 491 2290 Hau
517 2159 596 2290 deni
619 2247 661 2292 ue
686 2224 775 2290 fama
793 2223 922 2313 hocque
944 2224 1101 2291 exercitio
1125 2221 1272 2289 nonnulli
1292 2220 1357 2287 Ro·

81 2318 389 2376 'terwmanorum
416 2309 548 2391 aocifi',
580 2246 729 2412 plurimis
757 2310 885 2377 Poenos
916 2309 952 2374 in
982 2308 1063 2376 locis
1095 2316 1356 2396 prostraverant3

105 2383 191 2480 ,Μ
217 2394 314 2463 callid
357 2416 400 2460 ue
432 2393 494 2460 hoc
526 2393 672 2462 Africani
703 2393 837 2461 consilio
870 2394 995 2479 adtriti,
1028 2395 1174 2460 civitates
1204 2392 1356 2482 poenitus

216 2492 314 2571 rupto
351 2479 467 2546 oedere
490 2478 692 2565 deserebant,
713 2479 884 2568 solumque
900 2479 1111 2563 Garelianum
1133 2490 1278 2546 montem
1293 2477 1356 2546 sibi

217 2588 277 2656 pro
299 2564 479 2631 munitione
501 2563 697 2654 delegerant

153 2661 208 2719 (ιι)
304 2651 356 2718 51.
388 2649 532 2717 Iohanne
559 2652 685 2740 itaque,
715 2661 752 2717 ut
773 2647 890 2738 prefati
911 2673 1034 2734 sumus,
1061 2670 1149 2739 papa
1170 2649 1356 2734 constituto,

217 2735 396 2803 Landolfus
416 2734 559 2823 quidam,
580 2738 632 2801 vir
652 2744 802 2803 strenuus
816 2735 1040 2825 bellorumque
1059 2733 1214 2802 exercitio
1230 2733 1356 2817 doctus,

217 2822 520 2889 Beneventanorum
542 2834 575 2909 et
589 2819 820 2909 capuanorum
843 2823 987 2888 omnium
1007 2822 1160 2923 princeps
1181 2818 1326 2888 clarebat
1333 2832 1356 2885 ¹.

217 2908 337 2974 Poenis
357 2906 458 2993 igitur
472 2917 592 2972 statum
613 2908 661 2973 rei
682 2904 833 2995 publicae
846 2930 913 2973 non
931 2906 1137 2974 medrocriter
1157 2903 1355 2973 labefactan-

217 2991 315 3076 tibus,
336 2989 532 3057 Lendolfum
557 2992 644 3058 huno
670 2993 852 3081 principem
881 3016 899 3060 e
940 2993 1064 3080 egium,
1094 2990 1174 3080 quid
1201 3012 1300 3078 super
1320 3013 1357 3058 re

217 3075 460 3143 buiussoemodr'
482 3099 580 3167 quam
601 3076 747 3143 Africani
773 3090 884 3165 agunt,
931 3076 1073 3144 ohannes
1095 3075 1238 3143 consulit
1257 3097 1355 3164 papa.

220 3161 319 3246 Quod
339 3163 492 3312 princepp
511 3175 548 3229 ut
568 3162 708 3246 audivit,
737 3186 856 3251 papam
884 3186 945 3253 per
971 3163 1186 3229 internuntios
1212 3161 1259 3227 ita
1282 3184 1357 3229 con·

217 3248 324 3315 venit:
354 3247 429 3313 ‘Res
493 3270 545 3332 ec,
575 3247 727 3337 spiritalis
779 3259 865 3334 ater,
893 3250 1020 3335 magnis
1050 3257 1101 3314 est
1129 3246 1355 3334 investiganda

220 3331 372 3401 consiliis.
415 3330 547 3400 Mittite
564 3332 705 3423 denique
732 3271 962 3422 adArgorum
992 3333 1232 3423 imperatorem,
1262 3333 1355 3398 cuius

219 3431 252 3488 et
273 3418 337 3507 ipsi
358 3439 431 3484 eam
453 3440 537 3506 quae
559 3420 606 3484 cis
628 3440 716 3485 mare
739 3430 788 3486 est
808 3431 938 3503 terram
960 3420 1046 3486 sicut
1067 3427 1099 3486 et
1119 3428 1273 3500 nostram
1301 3416 1354 3485 de·

218 3502 378 3594 populare
405 3525 472 3569 non
499 3514 636 3570 cessant.
685 3501 875 3571 Camerinos
907 3504 1005 3570 etiam
1037 3514 1136 3655 atque
1168 3500 1355 3590 Spoletinos

218 3599 366 3657 nostrum
391 3589 434 3655 ad
466 3589 625 3655 auxilium
657 3589 807 3673 invitat03
840 3590 1044 3678 iniamusque
1100 3611 1139 3656 eo
1170 3596 1355 3676 protectore

220 3697 296 3743 oum
323 3674 375 3741 his
401 3675 519 3741 acriter
541 3673 674 3743 bellum.
719 3675 756 3742 Si
776 3676 953 3754 vincimus,
980 3696 1047 3742 non
1075 3671 1276 3741 multitudini
1297 3671 1355 3740 sed

219 3760 282 3829 deo
303 3760 441 3826 victoria
462 3761 656 3848 imputetur·
686 3762 714 3826 si
735 3783 814 3827 vero
835 3761 974 3827 vicerint
994 3760 1107 3844 Poeni,
1127 3758 1273 3848 peccatis
1299 3779 1356 3826 no·

220 3846 294 3916 stris
315 3854 347 3913 et
367 3868 433 3914 non
454 3844 617 3912 inherciae
639 3811 829 3934 deputetur.

220 4011 244 4064 ι)
265 4014 377 4056 mucrore
399 4013 419 4056 1.
508 4009 533 4062 b)
555 4011 635 4053 Aotdlt
656 4015 677 4054 1.
769 4010 791 4065 o)
813 4014 851 4054 loc
872 4018 937 4065 caput
958 4012 983 4053 in
1004 4011 1074 4052 coam
1098 4015 1109 4052 1
1132 4022 1178 4052 noa
1199 3991 1379 4060 satiandum

220 4073 244 4125 d)
261 4083 406 4125 posnoorum
423 4074 443 4115 1.
505 4070 528 4124 e)
545 4073 690 4123 prosilientis
706 4076 727 4116 1.

223 4223 251 4293 1)
272 4223 314 4277 Gi.
334 4226 403 4278 Ann.
430 4224 580 4279 Benevent.
600 4226 668 4278 916:
695 4227 748 4279 boc
773 4242 844 4279 anno
872 4225 977 4296 expulsi
1002 4225 1146 4278 Sarraceni
1171 4240 1188 4275 a
1215 4223 1355 4278 Gariliano

220 4315 269 4370 per
288 4299 404 4352 eundern
423 4297 588 4353 Landolium
607 4301 765 4371 principem.
