2932 4718
356 218 589 273 munsterum
609 218 784 273 haemo.
822 218 943 271 39-40.
1178 221 1230 272 lot

83 389 190 472 vivat3
221 411 305 478 quae
327 388 392 454 sint
412 387 530 472 futura,
559 408 597 455 eo
626 388 849 476 imperitante,
878 401 1044 477 tempora,
1073 410 1158 478 pax,
1186 408 1291 458 ancre

85 473 247 558 simultas,
272 471 434 540 secundae
458 472 695 540 Saracenorum
717 496 787 557 res,
813 494 855 539 an
883 474 1050 541 adversae.
1093 473 1230 564 Legitur

85 561 206 661 itaque,
217 559 315 625 huius
329 557 507 646 Nicephori
519 556 721 646 temporibus
736 559 889 646 Assyrios
905 557 1040 626 Graecis
1055 581 1121 626 non
1133 583 1229 648 posse

83 656 244 728 resrstere,
268 644 419 733 huncque
441 645 610 732 septennio
632 653 758 710 tantum
780 646 933 728 vivere13
956 655 1032 732 post
1052 645 1145 712 cuius
1161 645 1229 713 obi·

83 741 152 796 tum
175 730 405 817 imperatorem
425 729 487 794 isto
510 725 703 797 deteriorem
724 768 768 780 -
790 727 847 796 sed
870 729 967 796 timeo
988 729 1076 818 quod
1090 730 1229 798 inveniri

84 837 151 881 non
172 815 340 902 possit-
362 825 396 881 et
415 835 470 879 ma
495 813 521 878 ‘s
543 811 707 880 imbellem
730 811 849 880 debere
865 835 1014 901 surgere3
1038 815 1132 882 cuius
1147 827 1228 883 tem·

83 900 220 988 poribus
242 897 411 987 prevalere
433 897 474 964 de
499 908 554 964 ent
574 898 656 965 adeo
679 899 821 986 Assyrii,
849 911 886 965 ut
912 901 947 965 in
974 898 1229 967 Chalcedoniam

84 1006 199 1074 usque,
224 1007 313 1136 puae
343 982 443 1050 distat
464 981 745 1084 Constantinopoli
773 982 862 1050 haud
890 984 1005 1072 longe,
1033 987 1228 1073 potestative

84 1080 203 1135 cuncta
247 1067 366 1136 ebeant
387 1068 543 1136 obtinere.
582 1067 799 1136 Oonsrderant
813 1071 901 1135 enim
916 1070 1047 1158 utrique
1061 1081 1128 1136 tem
1154 1092 1227 1155 ora,

83 1175 151 1219 una
173 1153 353 1255 eademque
368 1176 403 1220 re
419 1153 539 1221 Graeci
553 1154 686 1220 animati
701 1155 927 1243 insequuntur,
944 1153 1098 1222 Saraceni
1137 1178 1228 1245 espe-

81 1240 144 1305 rati
160 1261 224 1305 non
239 1249 429 1323 resistunt¹3
444 1250 573 1327 tempus
588 1250 808 1326 expectantes,
824 1260 900 1305 cum
920 1251 953 1308 et
974 1240 1039 1329 ipsi
1053 1241 1228 1330 insequan-

83 1336 146 1408 tur,
171 1323 291 1391 Graeci
312 1325 441 1389 interim
463 1346 530 1389 non
551 1324 711 1390 resistant

171 1410 225 1475 40.
271 1408 336 1476 Sed
358 1408 559 1509 Hippolytus
582 1407 714 1497 quidam
732 1407 910 1476 Siciliensis
925 1410 1098 1498 episcopus
1114 1411 1228 1479 eadem

85 1495 216 1581 scripsit
247 1504 280 1561 et
309 1492 350 1560 de
376 1494 514 1581 imperio
545 1504 655 1561 vestro
685 1503 718 1560 et
750 1503 846 1581 gente
878 1504 991 1561 nostra
1011 1535 1054 1546 —
1081 1507 1228 1564 nostram

83 1600 170 1644 nunc
193 1578 268 1645 dico
291 1600 430 1662 ornnem,
454 1601 536 1668 quae
558 1578 619 1645 sub
642 1587 749 1647 vestro
772 1580 910 1667 imperio
933 1590 992 1663 est,
1015 1590 1145 1667 gentem
1166 1607 1227 1666 -3

82 1675 181 1752 atque
209 1665 335 1730 utinam
362 1686 477 1730 verum
506 1664 557 1748 sit,
585 1663 674 1752 quod
703 1663 744 1730 de
773 1663 980 1751 presentibus
1007 1666 1138 1754 scripsit
1165 1667 1228 1734 iste

82 1749 295 1837 temporibus.
341 1747 489 1834 Caetera,
512 1760 549 1816 ut
571 1749 712 1850 scripsit,
740 1760 816 1815 sunt
841 1749 1033 1840 usquehuc
1056 1750 1228 1840 completa,

83 1833 359 1923 quemadmodum
406 1857 441 1901 er
462 1835 561 1923 ipsos,
585 1856 642 1922 qur
663 1834 780 1901 horum
801 1832 958 1902 librorum
981 1835 1150 1902 scientiam
1171 1835 1227 1902 ha

82 1921 169 2003 bent,
193 1919 314 1985 audivi.
390 1930 466 1986 tex
488 1918 598 1986 multis
621 1919 691 1986 eius
721 1918 817 1986 dictis
842 1942 944 1986 unum
967 1918 1002 1986 id
1024 1921 1226 2008 proferamus

80 2004 115 2068 in
137 2003 293 2070 medium.
336 2003 395 2071 Ait
417 2005 504 2071 enim
525 2026 613 2070 nunc
634 2003 832 2092 completum
853 2006 894 2071 iri
915 2006 1120 2094 scripturam,
1144 2027 1227 2096 quae

45 2139 51 2147 .
80 2089 176 2156 dicit:
212 2090 290 2156 λέων
312 2094 366 2155 καὶ
389 2093 519 2172 σκίμνος
542 2089 778 2171 ὁμοδιώξουσιν
800 2086 946 2177 drappos.
991 2088 1139 2158 *Graece
1169 2092 1339 2159 itan-⁸⁶⁶·

80 2173 235 2240 Latinum
268 2186 377 2241 autem
410 2176 474 2242 sic:
511 2175 589 2241 ‘Leo
619 2185 651 2241 et
679 2172 804 2241 catulus
837 2173 933 2241 simul
963 2176 1228 2244 exterminabunt

80 2281 144 2325 ona
169 2257 260 2324 rum'.
305 2258 407 2327 Ouius
428 2261 654 2349 interpretatio
684 2258 865 2327 secundnm
888 2259 1051 2327 Graecos:
1088 2260 1168 2346 Leo,
1190 2262 1225 2328 id

80 2353 130 2410 est
182 2366 373 2410 omanorum
397 2345 465 2412 sive
481 2343 684 2412 Graecorum
705 2345 893 2434 imperator,
914 2355 947 2412 et
968 2343 1103 2428 catulus,
1124 2345 1226 2412 Fran·

82 2450 195 2495 corum
219 2427 340 2496 scilicet
360 2452 438 2514 rex,
468 2429 565 2496 simul
586 2429 637 2497 his
659 2431 866 2518 presentibus
895 2429 1098 2518 temporibus
1121 2442 1226 2499 exter·

80 2514 251 2580 minabunt
281 2536 453 2603 onagrum,
476 2515 510 2582 id
540 2526 589 2582 est
616 2514 853 2582 Saracenorum
885 2537 997 2603 regem
1023 2512 1225 2583 Africanum.

80 2599 175 2682 Quae
197 2599 419 2687 interpretatio
442 2621 480 2666 eo
503 2601 582 2666 mihi
604 2621 683 2666 vera
703 2621 770 2666 non
791 2599 928 2684 videtur,
952 2600 1108 2689 quoniam
1126 2599 1178 2668 leo
1194 2612 1227 2669 et

79 2682 216 2767 catulus,
251 2687 399 2773 quamvis
434 2683 573 2773 disparis
605 2685 850 2773 magnitudinis,
884 2685 981 2751 unius
1010 2695 1121 2753 tamen
1150 2696 1227 2754 sunt

78 2780 215 2836 naturae
245 2780 278 2836 et
306 2793 321 2836 s
347 2770 427 2836 eciei
454 2791 512 2836 seu
541 2771 659 2854 moris,
686 2782 784 2860 atque
813 2782 851 2837 ut
878 2768 957 2835 mihi
986 2791 1060 2837 mea
1090 2771 1226 2838 scientia

79 2876 141 2940 sug
166 2855 242 2938 erit,
273 2793 378 2920 sileo
405 2853 609 2921 Graecorum
637 2856 824 2943 imperator,
853 2856 1087 2922 inconveniens
1109 2867 1166 2939 est,
1188 2867 1226 2924 nt

78 2959 119 3004 ca
167 2961 206 3004 us
229 2940 271 3005 sit
291 2939 493 3006 Francorum
516 2963 585 3006 rex.
631 2939 789 3024 Quamvis
815 2940 901 3007 enim
923 2941 1054 3029 utrique
1076 2938 1224 3008 homines

79 3025 152 3108 sint,
187 3024 272 3089 sicut
298 3022 350 3090 leo
379 3035 413 3090 et
439 3023 565 3091 catulus
594 3035 730 3114 uterque
762 3023 932 3109 animabo,
967 3024 1088 3092 distant
1114 3037 1224 3094 tamen

78 3108 226 3174 moribus
248 3120 384 3192 tantum,
407 3131 473 3174 non
495 3109 570 3176 dico
593 3108 697 3177 solum
720 3121 878 3262 {uantum
901 3131 916 3175 s
941 3111 1026 3178 ecies
1042 3110 1173 3261 specieb

78 3193 135 3260 sed
163 3205 320 3283 quantum
351 3192 516 3262 sensibilia
542 3192 722 3262 insensibili
747 3217 797 3260 us.
842 3193 891 3262 Co
940 3218 978 3262 us
1007 3215 1028 3260 a
1066 3216 1148 3262 eone
1201 3197 1210 3212 ⁹

75 3279 139 3344 nisi
162 3288 308 3367 tempore
331 3277 437 3362 distat,
461 3277 566 3346 forma
587 3279 715 3362 eadem,
743 3278 852 3346 rabies
874 3301 949 3364 una,
975 3280 1102 3362 rugitus
1124 3279 1222 3347 idem.

77 3361 280 3430 Graecorum
312 3385 373 3429 rex
400 3364 554 3448 crinitus,
587 3365 767 3448 tunicatus,
800 3365 999 3450 manicatus,
1030 3365 1223 3450 teristratus,

75 3447 228 3531 mendax,
252 3447 394 3532 dolosus,
415 3448 655 3529 immisericors,
678 3448 843 3538 vulpinus,
866 3449 1036 3537 superbus,
1059 3447 1142 3516 falso
1165 3448 1223 3516 hu·

75 3530 172 3616 milis,
194 3555 323 3621 parcus,
352 3533 503 3622 cupidus,
532 3533 607 3602 allio
630 3557 710 3624 cepe
732 3544 765 3602 et
817 3535 898 3601 orris
926 3556 1079 3618 vescens,
1105 3532 1223 3602 balnea

75 3617 234 3702 bibens²;
261 3618 463 3690 Francorum
488 3642 548 3687 rex
574 3631 688 3687 contra
714 3618 791 3708 pulc
878 3628 1002 3704 tonsus,
1027 3642 1048 3686 a
1070 3616 1222 3686 muliebri

74 3705 197 3770 vestitu
218 3713 308 3770 veste
330 3702 487 3794 diversus,
517 3702 664 3793 pileatus,
687 3726 801 3789 verax,
826 3702 961 3794 nildoli
982 3702 1115 3788 habens,
1143 3705 1220 3771 satis

74 3787 133 3853 ubi
156 3788 311 3876 competit
340 3789 535 3873 misericors,
564 3811 697 3857 severus
726 3789 784 3856 ubi
813 3798 959 3891 oportet,
986 3811 1115 3876 semper
1142 3810 1220 3855 vere

73 3870 216 3956 humilis,
238 3894 407 3962 nunquam
429 3895 559 3962 parcus,
591 3896 658 3940 non
679 3873 754 3940 allio
776 3896 866 3962 ceprs
887 3875 994 3964 porris
1014 3893 1161 3958 vescens,
1183 3883 1221 3940 ut

74 4033 98 4088 a)
113 4037 145 4079 al.
161 4039 257 4079 interim
274 4048 324 4079 uon
339 4038 448 4080 recinunt
464 4038 486 4081 0.

77 4168 105 4238 1)
125 4171 264 4237 Regnavit
282 4169 453 4239 Nicephorus
472 4167 538 4223 inde
558 4185 575 4221 a
595 4168 640 4223 die
655 4169 699 4223 16.
713 4176 785 4240 Aug.
804 4188 842 4224 m.
859 4170 913 4223 963
934 4186 1020 4239 usque
1041 4169 1076 4223 ad
1092 4172 1136 4225 11.
1149 4172 1221 4226 Dec.

75 4261 111 4298 m.
134 4244 197 4297 969.
274 4243 305 4313 a)
324 4245 343 4296 i.
364 4260 388 4298 e.
408 4246 500 4297 riuum
520 4259 594 4312 aqua
613 4245 784 4312 permixtum,
804 4244 840 4299 cf.
859 4245 931 4298 infra
950 4260 976 4298 c.
996 4244 1042 4298 63.
1063 4245 1107 4298 db.
