2932 4718
186 260 239 313 tat
407 258 641 313 LIUDPRANDI
660 256 837 312 HISTORIA
857 258 1023 314 O'l'l'ONIS.
1063 260 1107 312 14.

119 456 172 503 ssa.
182 431 270 498 ricus
302 429 510 498 'l'reverensis
547 427 656 496 archis
679 428 847 518 iscopusl,
886 430 928 498 ab
960 428 1082 497 Emilia
1119 441 1151 497 et
1182 428 1320 531 Liguria

46 577 50 585 .
114 557 116 561 v
183 515 283 586 Wido
310 515 514 597 Mutinensis,
543 512 633 582 Geso
655 449 896 598 l'ertonensis2,
926 513 1071 603 Sigultiss
1092 515 1320 599 Placentinum
1436 547 1438 552 ·

38 657 40 661 Α
59 624 120 669 uos.
136 615 324 694 aequorum
337 599 472 670 consilio
487 598 608 666 domno
621 620 729 690 papae
743 600 789 667 ita
802 600 1008 669 rescribuntz‘
1025 603 1161 670 Summo
1172 599 1321 690 pontifici

183 699 217 758 et
241 685 419 756 universali
443 706 550 775 papae
578 684 698 753 domno
726 683 874 772 Iohanni,
904 686 983 755 Otto
1010 686 1141 754 divinae
1169 696 1321 776 respectu

183 772 372 842 clementiae
391 773 570 861 imperator
589 780 759 859 augustus,
781 770 841 839 sed
860 781 894 840 et
907 782 1019 841 sancta
1033 771 1178 861 synodus
1193 772 1320 841 Romae

56 945 58 949 ἢ
182 858 236 927 dei
257 857 299 926 ob
320 858 489 926 servitium
502 867 716 946 congregata,
743 856 780 922 in
805 856 937 924 domino
965 856 1113 926 salutem.
1155 858 1322 950 Pteterita

175 942 325 1034 synodo,
354 965 438 1032 quae
466 940 627 1011 celebrata
655 951 705 1010 est
725 941 818 1010 VIII.
845 942 925 1010 Idus
953 942 1166 1024 Novembris,
1196 939 1321 1010 litteras
1451 1003 1454 1008 ,

181 1027 276 1098 vobis
308 1029 497 1112 direximus,
528 1029 564 1095 in
592 1026 712 1117 quibus
743 1038 970 1095 accusatorum
1000 1039 1185 1096 vestrorum
1216 1026 1320 1096 verba

181 1138 202 1182 a
238 1136 281 1183 ne
309 1112 525 1182 accusationis
553 1132 670 1180 musae
699 1110 937 1181 detinebantur.
976 1113 1190 1203 ,Rogavimus
1219 1113 1320 1181 etiam

107 1278 115 1289 ι
182 1125 305 1269 sillem
325 1198 426 1267 literis
446 1197 706 1299 magnitudinem
724 1207 878 1283 vestram,
899 1198 1175 1288 quemadmodum
1196 1201 1320 1267 iustum

87 1340 90 1344 .
181 1296 241 1370 est,
267 1285 429 1352 Romam·
448 1305 561 1351 ventre
583 1305 684 1373 seque
713 1305 756 1352 ex
782 1284 833 1351 bis
855 1305 939 1373 quae
961 1285 1146 1352 obiciuntur
1165 1306 1317 1373 purgare.

181 1371 378 1461 Recepimus
399 1379 509 1436 autem
529 1368 653 1436 litteras
674 1391 696 1434 a
715 1367 820 1455 vobis,
841 1391 908 1437 non
930 1368 1042 1458 quales
1063 1370 1219 1458 temporis
1261 1391 1318 1436 ua·

181 1456 265 1540 litas,
287 1454 346 1522 sed
367 1451 624 1522 inconsultorum
649 1453 818 1522 hominum
844 1454 972 1522 vanitas
1000 1455 1201 1544 expoposcit
1238 1392 1319 1523 lion

179 1539 333 1609 veniendi
364 1539 408 1606 ad
438 1538 616 1628 synodum,
648 1539 855 1608 racionabilis
887 1563 959 1609 esse
991 1541 1159 1608 excusatio
1193 1539 1317 1608 debuit.

181 1626 248 1695 Sed
261 1636 295 1694 et
307 1635 472 1715 presentes
494 1624 727 1713 magnitudinis
748 1636 875 1694 vestrae
896 1623 1081 1694 debuerrmt
1099 1625 1207 1692 nundi
1220 1625 1318 1693 inter-

181 1735 262 1796 esse,
292 1711 350 1801 qui
371 1720 428 1777 aut
450 1709 642 1798 egritudinis
669 1720 727 1777 eut
748 1719 856 1779 certae
883 1710 1082 1778 difficultatis
1103 1732 1205 1777 causa
1224 1710 1317 1778 satis·

179 1797 323 1866 facerem
355 1807 500 1863 sanctam
532 1816 591 1862 vos
623 1794 786 1884 synodum
824 1795 1014 1884 declinasse.
1069 1795 1130 1863 Est
1162 1807 1195 1863 et
1227 1794 1317 1863 aliud

180 1882 296 1950 vestris
317 1882 352 1947 in
373 1880 487 1948 litteris
502 1880 670 1968 scriptum,
715 1881 783 1948 uod
800 1903 867 1948 non
881 1882 1071 1982 episcopum
1086 1879 1145 1949 sed
1158 1879 1317 1969 puerilem

179 1969 233 2035 ine
257 1967 337 2034 tiam
359 1965 500 2033 scribere
521 1965 659 2050 deceret
734 1968 1021 2034 xcommunicastre
1049 1966 1171 2034 etenim
1192 1987 1317 2049 omnes,

179 2063 218 2120 ut
278 2050 394 2120 berent
411 2049 576 2119 licentiam
591 2051 729 2120 canendi
743 2054 869 2136 missas,
892 2050 1063 2119 ordinandi
1078 2049 1317 2120 ecclesiasticas

180 2137 418 2227 dispositiones,
441 2136 469 2201 si
490 2135 590 2202 alium
616 2136 781 2204 Romanae
808 2137 878 2204 sedi
900 2139 1170 2204 constitueremus
1191 2138 1317 2225 episco-

179 2222 355 2375 pffita
369 2222 456 2374 apim
471 2222 629 2310 scriptum
643 2234 728 2289 erat:
755 2221 835 2324 'Non
849 2220 996 2324 babeatis
1011 2219 1317 2374 beentimdifflm
1425 2255 1431 2269 ’

92 2371 94 2377 V
180 2330 246 2461 duo
266 2357 418 2481 negativa
425 2318 961 2478 llnilnuurqultlcel}tlllelliblasstluunlnll,n
962 2329 1162 2461 ‹biddelbsffi
1177 2329 1317 2460 auctolbls

126 2521 129 2526 -
180 2492 230 2546 tas
262 2480 445 2568 priscorum
483 2478 658 2545 sententias
690 2477 870 2546 infirmaret
901 2487 1081 2546 auctorum.
1135 2477 1204 2545 Nos
1236 2499 1315 2545 vero

179 2564 352 2632 intentioni
365 2574 502 2646 vestrae,
524 2584 590 2629 non
604 2562 723 2649 verbis,
744 2585 796 2632 res
821 2563 1008 2632 ondeamus.
1045 2562 1082 2631 si
1096 2562 1139 2630 ad
1153 2563 1317 2652 synodum

179 2650 291 2717 venire
317 2660 350 2716 et
379 2647 505 2715 obiecta
533 2668 674 2750 purgare
703 2670 770 2716 non
822 2649 943 2734 ‘ertia
974 2649 1160 2715 auctoritati
1188 2659 1316 2717 vestrae
1359 2691 1362 2697 -
1433 2706 1435 2710 Α

179 2733 293 2838 procul
321 2732 421 2801 dubio
450 2730 629 2800 obedimus.
673 2731 741 2801 Sed
770 2733 807 2818 si,
838 2733 927 2822 quod
947 2733 1043 2815 absit,
1072 2733 1183 2802 venire
1205 2746 1238 2801 et
1259 2732 1316 2801 ob·

180 2831 264 2888 recta
284 2818 379 2886 vobis
402 2815 554 2908 capitalia
575 2819 712 2885 crimina
730 2840 880 2970 tplurgare
902 2817 1122 2902 dissimulatis,
1145 2840 1221 2886 cum
1242 2840 1316 2909 pre·

181 2906 292 2973 sertim
313 2925 374 2970 vos
395 2901 476 2969 nihil
502 2904 613 2971 venire
641 2905 729 2991 impe
755 2904 798 2971 'at
835 2925 901 2970 non
928 2905 1026 2970 maris
1046 2903 1223 2994 navigatio,
1249 2925 1317 2971 non

182 2991 328 3080 corporis
344 2987 503 3077 egritudo,
518 2988 642 3056 itineris
656 2989 784 3076 longitu
807 3011 836 3073 o,
852 3001 930 3056 tunc
945 2989 1317 3058 excommunicationem

180 3085 321 3143 vestram
338 3073 623 3164 parvipendemus,
645 3096 783 3164 eamque
797 3075 906 3163 potius
920 3077 955 3141 in
968 3097 1027 3142 vos
1041 3074 1314 3176 retorquebimus,

179 3161 335 3311 puoniam
354 3159 487 3263 quidem
500 3161 585 3227 iuste
599 3159 708 3228 facere
722 3182 907 3250 possumus.
936 3159 1046 3246 Iudas,
1069 3161 1193 3227 dommi
1212 3161 1315 3228 nostri

196 3267 256 3313 esu
288 3244 411 3313 curati
441 3244 601 3333 proditor,
634 3245 734 3312 immo
766 3245 930 3332 venditor,
967 3268 1042 3313 cum
1075 3246 1190 3314 ceteris
1222 3246 1316 3335 prius

178 3329 302 3420 ligendi
323 3341 421 3420 atque
444 3327 590 3398 solvendi
610 3342 804 3418 potestatem
826 3353 846 3397 a
867 3333 1023 3419 magistro
1050 3332 1084 3398 in
1111 3331 1192 3398 baec
1213 3331 1315 3399 verba

87 3443 169 3486 usca
177 3426 364 3506 acceperat:
397 3413 504 3483 Amen
525 3415 599 3482 dico
620 3413 725 3500 vobis,
771 3438 972 3507 uaecumque
990 3416 1200 3505 alligaveritis
1216 3438 1315 3518 super

81 3504 116 3559 ¹⁸·
134 3504 169 3549 ¹⁸·
179 3514 308 3586 terrain,
334 3500 453 3590 ligata⁶
480 3512 574 3568 erunt
601 3511 634 3568 et
661 3502 695 3568 in
723 3501 810 3585 ce’,
841 3513 873 3569 et
899 3523 1125 3593 quaecumque
1152 3501 1312 3571 solventis

179 3597 424 3677 superterram,
446 3595 541 3653 eruunt
561 3585 667 3652 soluta
688 3597 721 3654 et
741 3587 776 3652 in
797 3586 884 3673 celis.
925 3587 1091 3670 Quamdiu
1105 3589 1193 3655 enim
1207 3587 1313 3655 bonus

179 3675 263 3741 inter
296 3671 533 3773 condiscipulos
553 3671 633 3773 fail
663 3669 765 3801 ligdare
794 3681 892 3775 atque
921 3672 1046 3741 solvere
1073 3671 1193 3774 yaluit3
1225 3683 1313 3774 post·

179 3755 904 3932 bidai‘biilssfflitiifflssiie,bibli
915 3758 1153 3912 lill’ffi
1168 3779 1313 3910 ttttt

179 3927 280 4018 ligare
302 3929 418 4019 potuit,
439 3929 502 3994 nisi
524 3950 559 3994 se
581 3929 699 4017 ipsum,
722 3951 819 4018 quem
841 3928 1063 3997 infelicissimo
1077 3928 1194 4018 laqueo
1209 3938 1311 3996 stran-

179 4075 854 4128 a)8.v.s.s.b.q.opii-alcimio.da'.
921 4075 1081 4129 bnsdast.
1149 4073 1311 4127 cibasti.

179 4142 240 4181 cst
255 4149 277 4190 q.
293 4149 312 4180 s.
329 4148 348 4179 s.
365 4140 381 4179 t.
399 4146 420 4179 s.
435 4147 455 4178 ι.
472 4137 564 4179 etto.
580 4136 717 4180 amatha.
734 4133 785 4179 δι’.
845 4133 1176 4190 emundaverunt&

181 4231 208 4298 1)
229 4233 281 4296 Qui
300 4235 328 4286 in
347 4233 400 4286 bae
420 4232 593 4301 expeditione
613 4233 680 4288 obiit
699 4249 725 4288 a.
745 4234 801 4287 964
821 4233 866 4287 dis
885 4235 912 4290 3.
932 4233 997 4289 Iulii
1016 4249 1103 4288 mens.
1168 4232 1197 4302 2)
1218 4233 1306 4300 Quis

178 4307 363 4376 Giseprsndus
381 4313 503 4362 vocetur.
