2932 4718
312 239 546 293 LIUDPRANDI
564 239 743 296 HISTORIA
763 240 932 296 or'roms.
971 243 1053 293 6-7.
1200 243 1252 294 127

108 409 326 493 illustriorem,
349 421 461 476 sancto
481 411 670 498 imperatori
685 412 815 477 nuntios
831 411 953 512 dirigit,
973 411 1143 495 mandans,
1164 411 1251 479 haud
1262 431 1314 474 ιιι.

110 496 229 560 mirum
253 517 333 577 esse,
357 495 384 560 si
406 495 564 562 hactenus
585 497 764 562 iuventutis
786 498 863 584 igne
882 508 1000 580 victus,
1022 496 1148 585 puerile
1171 496 1250 586 quid

108 581 260 669 gesserit,
293 581 358 644 iam
389 590 519 669 tempus
549 579 702 666 instabat,
736 603 812 647 cum
841 581 947 649 alieno
977 594 1113 671 cuperet
1140 582 1251 650 vivere

109 687 209 731 more.
253 664 423 732 Mandavit
444 667 541 732 etiam
563 665 674 734 dolose
698 666 874 755 quaedam:
896 666 1042 734 Leonem
1057 667 1252 769 episcopum

110 762 142 817 et
155 749 334 816 Iohannem
355 749 525 819 diaconem
543 749 753 834 cardinalem,
775 773 851 817 suos
865 750 1021 835 infideles,
1044 763 1251 841 suscepisset,

110 847 142 902 et
164 835 262 923 quia⁸¹
285 846 417 901 sanctiss
439 837 617 936 imperator
636 836 862 925 promissionis
883 858 962 903 suae
984 836 1083 903 fidem
1105 835 1251 921 violaret,

110 920 188 987 dum
211 941 266 985 eos
297 921 354 1008 qui
375 942 414 986 eo
437 920 499 987 loc1
521 919 707 1005 manebant,
730 943 797 987 non
817 922 881 1010 ipsi
903 920 962 988 scd
983 921 1047 989 sibi
1068 922 1251 989 iuramento

109 1006 311 1092 astringeret.
356 1004 486 1089 Quibus
508 1006 700 1096 imperator:
724 1006 798 1072 ‘Pro
822 1007 1043 1090 correctione',
1063 1007 1178 1095 inquit,
1202 1015 1252 1074 ‘ac

109 1112 237 1157 morum
264 1092 487 1174 inmutatione,
522 1114 620 1181 quam
650 1093 818 1181 promittit,
846 1092 967 1179 gratias
994 1113 1073 1180 ago,
1107 1113 1150 1158 ex
1177 1113 1252 1180 pro·

108 1177 272 1248 missionis
302 1197 380 1243 vero
411 1179 680 1262 commutatione,
710 1177 803 1243 cuius
832 1200 884 1244 me
913 1177 1035 1265 arguit,
1062 1175 1195 1262 fecisse,
1224 1177 1252 1244 si

108 1283 221 1327 verum
245 1260 295 1344 sit,
318 1261 381 1349 ipsi
395 1262 598 1352 perpendite.
633 1263 773 1330 Omnem
789 1275 908 1328 terram
927 1263 1031 1329 sancti
1045 1262 1144 1346 Petri,
1168 1283 1253 1351 quas

108 1354 238 1413 nostrae
267 1349 421 1434 potestati
471 1349 643 1430 roveniret,
671 1348 882 1437 promisimus
908 1346 1060 1432 reddere3
1093 1358 1191 1436 atque
1218 1346 1254 1415 id

108 1432 156 1498 rei
178 1444 237 1514 est,
266 1430 355 1583 fluod
378 1455 421 1500 ex
446 1370 508 1500 lac
534 1434 713 1501 munitione
734 1432 970 1520 Berengarium
996 1453 1072 1498 oum
1095 1433 1184 1499 omni
1205 1430 1252 1498 fa·

109 1515 199 1582 miha
223 1537 266 1604 pc
290 1538 344 1582 ere
372 1516 570 1584 laboramus.
614 1519 689 1603 Quo
717 1519 805 1584 enim
830 1526 928 1607 paeto
957 1527 1077 1584 terram
1106 1516 1192 1583 hano
1222 1517 1253 1584 ei

107 1601 244 1667 reddere
266 1623 451 1690 possumus,
474 1604 501 1668 si
522 1625 589 1670 non
611 1604 702 1692 prius
725 1625 797 1670 eam
813 1623 856 1670 ex
869 1601 1086 1670 violentorum
1101 1601 1252 1669 manibus

108 1696 252 1774 ereptam
275 1690 428 1775 potestati
450 1698 580 1756 nostrae
603 1686 807 1755 subdamus?
838 1686 983 1755 Leonem
1005 1688 1198 1777 episcopum
1221 1696 1254 1754 et

108 1771 289 1838 Iohannem
311 1773 508 1841 cardinalem
531 1773 712 1857 diaconem,
735 1795 813 1840 suos
834 1770 992 1857 infideles,
1015 1794 1099 1862 quos
1121 1794 1181 1839 nos
1201 1794 1253 1839 su·

110 1857 254 1946 scepisse
269 1879 391 1924 accusa
429 1859 479 1925 his
495 1859 697 1948 temporibus
712 1881 774 1926 noc
788 1858 941 1941 vidimus,
956 1879 1018 1926 nec
1032 1858 1252 1946 suscepimus:

110 1941 323 2010 Constantino
350 1943 426 2009 olim
449 1943 569 2011 domno
591 1966 679 2035 papa
700 1965 756 2012 eos
779 1941 822 2010 ob
844 1944 995 2010 initniam
1017 1953 1162 2010 nostram
1201 1963 1252 2009 ro·

108 2027 290 2095 ficiscentes
313 1967 484 2116 dirigente,
507 2029 622 2117 Oapue
644 2040 728 2115 sunt,
751 2038 789 2096 ut
809 2027 1005 2107 audivimus,
1028 2029 1126 2117 capti.
1172 1963 1253 2180 {Tui-

108 2112 247 2179 buscum
270 2114 367 2179 etiam
391 2112 574 2197 Saleccum,
595 2115 727 2182 natione
748 2111 952 2202 Bulgminm,
975 2112 1167 2180 educatione
1216 2135 1252 2179 n·

107 2198 247 2284 garium,
278 2197 389 2264 domni
418 2221 524 2287 papae
552 2199 856 2284 familiarissimum,
888 2210 921 2266 et
948 2196 1115 2265 Zacbeum
1142 2198 1252 2264 virum

106 2282 327 2372 reprobatum,
350 2282 536 2351 divinarum
557 2297 657 2372 atque
672 2284 886 2351 humanarum
905 2282 1045 2351 inscium
1060 2281 1252 2368 litteram,

108 2389 129 2433 a
151 2366 271 2434 domno
293 2390 381 2520 papa
402 2370 613 2459 episcopum¹
635 2370 764 2437 noviter
786 2379 1024 2454 consecrem,
1046 2378 1079 2436 et
1095 2366 1251 2456 Ungariis

110 2452 152 2518 ad
177 2452 334 2541 predican
357 2476 424 2539 um,
452 2464 490 2521 ιιι
518 2476 558 2521 su
582 2477 618 2521 er
645 2476 705 2521 nos
734 2457 867 2537 irruant,
897 2452 1106 2538 destinatum,
1136 2451 1252 2520 eodem

110 2550 223 2626 captos
246 2561 317 2606 esse
338 2539 535 2607 audivimus.
680 2539 836 2606 domnum
857 2560 979 2629 papam
1000 2536 1098 2604 nullis
1120 2559 1253 2605 narran-

108 2621 195 2689 tibus
218 2622 334 2692 fecisse
357 2625 574 2709 crederemus,
595 2626 659 2692 nisi
673 2624 799 2692 litterae
813 2623 912 2691 fidem
926 2621 1144 2701 admitterent,
1168 2643 1252 2712 quae
1342 2643 1345 2647 ’

109 2707 245 2797 plumbo
269 2709 415 2798 signatae
437 2710 488 2776 sui
510 2711 652 2777 nominis
675 2720 856 2777 caracteres
877 2711 1078 2776 monstrant’.

197 2795 226 2859 7.
249 2794 311 2861 His
328 2794 477 2883 expletis,
497 2794 752 2862 landohardum
767 2817 787 2860 a
802 2793 949 2861 Saxonis
962 2792 1251 2877 Mimendensem2,

109 2892 143 2945 et
173 2877 424 2967 Liudprandum
457 2879 499 2948 ab
532 2880 628 2948 Italia
663 2879 917 2948 Cremonensem
949 2879 1141 2968 episcopos,
1176 2899 1251 2944 oum

108 2962 243 3051 prefatis
257 2965 380 3031 nuntiis
394 2965 534 3032 Romam
549 2965 672 3053 dirigit,
694 2965 815 3032 domno
860 2985 943 3064 apae
966 2986 1000 3030 se
1019 2959 1251 3051 inculpabilem

108 3070 180 3114 esse
209 3049 441 3116 satisfacturos.
493 3049 642 3134 Quorum
672 3050 770 3117 etiam
798 3072 843 3115 mr
858 3049 956 3116 'trbus
983 3047 1045 3115 boo
1072 3049 1251 3136 imperator

106 3133 213 3199 iustus
246 3135 414 3222 imposuit,
448 3144 486 3201 ut
517 3137 544 3201 si
577 3156 671 3203 secus
704 3135 843 3202 domnus
874 3155 963 3236 papa
994 3155 1059 3201 non
1093 3132 1249 3216 crederet,

106 3217 215 3285 duello
236 3241 352 3286 verum
375 3240 445 3287 esse
466 3221 695 3310 approbarent.
740 3219 862 3287 Prolati
881 3230 982 3307 igitur
995 3215 1249 3285 Landohardus*
1261 3244 1359 3302 pu..

107 3317 140 3373 et
160 3302 392 3393 Liudprandns
414 3306 562 3394 episcopi
582 3306 722 3372 Romam
749 3316 824 3373 ante
851 3303 964 3370 domni
985 3324 1097 3405 papae
1118 3325 1250 3393 presen-

106 3390 187 3455 tiam
220 3390 397 3476 venientes,
430 3399 521 3457 tanto
554 3401 630 3459 sunt
661 3389 818 3457 inhonore
849 3411 945 3458 susce
969 3397 1005 3473 tr,
1037 3398 1075 3455 ιιι
1105 3410 1173 3456 non
1194 3409 1250 3456 eos

105 3472 230 3558 lateret,
253 3486 375 3562 quanto
398 3485 549 3542 sanctum
570 3476 802 3565 imperatorem
822 3472 911 3541 tedio
937 3410 1109 3542 dunense
1153 3473 1250 3542 Ordi-

105 3559 208 3625 natim
238 3571 361 3645 tamen,
390 3572 490 3650 prout
516 3561 564 3628 eis
592 3562 773 3628 iniunctum
802 3558 922 3645 fuerat,
953 3567 1153 3643 coamantes,
1183 3580 1250 3627 non

104 3645 297 3730 iuramento,
328 3666 395 3711 non
425 3643 532 3713 duello
561 3646 815 3713 sadshctionem
838 3666 933 3746 papa
959 3645 1106 3733 recipere
1135 3642 1248 3728 voluit,

106 3727 164 3796 sed
189 3731 231 3796 in
254 3729 369 3798 cadom
399 3753 465 3820 qua
492 3730 599 3799 fuerat
625 3732 744 3798 mentis
774 3729 895 3797 dtnrtia
922 3729 1051 3796 mansit.
1103 3725 1249 3796 Subdola

104 3824 216 3883 tamen
241 3826 318 3903 post
347 3815 417 3884 dies
448 3825 521 3884 octo
543 3815 722 3885 Iohannem
749 3817 941 3904 episcopum
963 3813 1187 3898 Narniensem,
1217 3823 1250 3881 et

105 3899 322 3968 Benedictum
344 3899 544 3968 cardinalem
566 3900 746 3986 diaconem,
777 3922 854 3969 oum
874 3899 945 3966 istis
968 3897 1088 3966 domno
1109 3898 1249 3988 impera
1323 3973 1326 3978 ,

104 3986 168 4051 tori
190 3985 374 4072 destinavit,
395 3998 526 4075 putans,
548 4009 582 4054 se
604 3986 691 4053 hunc
712 3986 779 4053 suis
801 3982 954 4053 deludere
975 4005 1073 4074 posse
1087 3983 1249 4069 versutiis,

106 4149 129 4204 a)
146 4152 203 4203 qula
218 4157 237 4193 ιι
253 4152 311 4194 liaeo
326 4137 425 4205 «quenti
440 4153 504 4204 quod
520 4155 540 4195 1.

107 4282 135 4354 1)
157 4286 286 4341 Gennano
305 4303 390 4358 prope
408 4287 538 4342 Velitras.
615 4283 645 4355 2)
666 4283 823 4352 958-969,
841 4285 914 4353 rogis
935 4281 1129 4337 consiliarium.
