2932 4718
203 202 285 296 'sse
509 241 744 296 LIUDPRANDI
762 241 938 298 anenno.
977 241 1098 296 ss-ss.

168 429 324 500 sanam,
363 410 670 500 Carthaginensem,
705 413 933 502 Ancyranam,
976 409 1376 500 Constantinopolim

189 508 195 515 ’
230 496 410 568 edicerem:
440 495 520 564 ‘Hal
542 495 600 562 hal
621 496 687 565 hel'
715 498 770 583 ait,
799 495 1011 565 ‘saxonicam
1039 496 1148 566 dicere
1175 518 1211 564 es
1240 494 1375 582 oblitus,

232 605 332 738 tttt
354 582 724 736 {astituat
733 581 1121 758 ,iblfflreliinlilm‘
1150 579 1269 650 mam
1289 602 1375 667 “⁸⁶'

106 742 117 759 ’
318 754 371 822 22.
409 750 474 822 Oui
504 752 652 854 inquam:
685 751 734 819 ‘In
766 718 840 842 quo>
861 754 1010 821 membro
1043 761 1157 843 regnat
1188 751 1373 837 infirmitas,

232 837 314 906 illud
349 847 401 906 est
434 847 580 905 conterno
611 835 826 908 exurendum.
880 837 1042 907 Haereses
1080 859 1193 906 omnes
1224 859 1246 904 a
1277 834 1375 905 vobis

233 932 437 1008 amansium,
457 943 558 1012 penes
579 942 639 990 vos
660 924 851 1012 viguerunt3
879 945 901 990 a
921 924 1033 1008 nobis,
1057 923 1093 989 id
1116 931 1165 991 est
1187 920 1375 991 occidenta-

232 1008 329 1095 libus,
349 1008 404 1077 hic
426 1017 502 1074 sunt
522 1005 698 1096 iugulatae,
725 1007 780 1076 hic
808 1017 884 1076 sunt
910 1010 1048 1093 occisae,
1090 1007 1275 1075 Romanam
1303 1007 1375 1074 sive

231 1095 427 1184 Papiensem
449 1091 622 1180 synodum,
648 1113 849 1182 quamquam
870 1104 980 1163 essent
999 1113 1098 1183 saepe
1136 1093 1188 1162 his
1208 1114 1276 1160 non
1297 1112 1377 1160 con·

232 1199 452 1248 numeramus.
494 1177 663 1244 Romanus
686 1178 773 1247 enim
788 1177 935 1264 clericus,
956 1143 1166 1274 posmodum
1179 1175 1375 1246 universalia

231 1261 1377 1438 aatosasslvualofflaasstautu

232 1433 322 1503 modi
341 1433 469 1502 haeresi
487 1430 649 1500 liberavit.
698 1431 820 1501 Aiebat
847 1432 935 1501 idem
957 1433 1151 1524 Eutychiae,
1181 1454 1243 1501 nec
1265 1429 1376 1500 solum

112 1517 371 1604 '’ram-*aiebat
404 1517 464 1587 sed
492 1518 591 1585 etiam
622 1516 770 1603 docebat,
802 1515 976 1605 clamabat,
1009 1519 1224 1609 scriptitabat,
1252 1538 1313 1585 nos
1337 1517 1375 1584 in

232 1605 469 1674 resurrectione
489 1625 557 1670 non
569 1624 693 1688 veram,
716 1625 816 1694 quam
830 1602 884 1670 hio
897 1603 1065 1690 habemus,
1087 1603 1145 1672 sed
1164 1603 1375 1672 anasum

234 1689 399 1781 quandam
427 1709 558 1756 carnem
590 1700 829 1776 assumpturos3
860 1691 954 1758 cuius
985 1690 1104 1758 erroris
1133 1688 1218 1756 liber
1243 1709 1265 1754 a
1291 1685 1375 1755 Gre-

233 1777 326 1865 gorio
356 1773 536 1841 orthodoxe
567 1784 617 1840 est
644 1773 845 1840 combustus.
891 1773 959 1843 Sed
980 1774 1177 1842 Ennodius²
1201 1772 1375 1863 Pupienais

233 1861 417 1950 episcopus,
438 1868 572 1947 propter
592 1856 690 1924 aliam
711 1858 877 1947 quandam
898 1859 1048 1927 haeresin
1069 1859 1144 1945 huc,
1166 1858 1202 1926 id
1222 1866 1272 1925 est
1287 1856 1376 1926 Ocn-

232 1941 484 2034 stantinopolim,
505 1964 526 2009 a
547 1942 695 2010 Romano
718 1953 767 2010 est
788 1945 974 2033 patriarcba¹
988 1944 1141 2030 directus,
1164 1947 1264 2033 quani
1287 1964 1377 2010 com·

232 2025 630 2121 presaamincatholicam
641 2039 739 2118 atque
755 2028 971 2097 orthodoxam
983 2030 1181 2098 reformavit.
1204 2027 1378 2096 Saxonum

232 2112 900 2267 affuttttttlthtohvttb
920 2114 1191 2288 {ttetztt
1215 2112 1379 2266 Ἒῗῗὲῗί

232 2307 314 2370 rem,
335 2297 410 2353 cnm
431 2281 541 2350 nullus
563 2294 658 2369 esset,
680 2247 868 2373 oorri'geret
915 2284 1045 2353 Rudem
1067 2286 1146 2376 quia
1166 2222 1250 2351 didio
1272 2281 1379 2352 Saxo·

233 2369 332 2439 nibus
362 2391 433 2437 csse
460 2367 580 2454 iidem„
601 2369 636 2435 id
668 2369 776 2458 ipsum
806 2381 839 2437 et
865 2392 926 2458 ego
954 2369 1100 2454 affirmo,
1133 2391 1263 2458 semper
1288 2368 1379 2436 enim

233 2455 324 2545 apud
350 2475 406 2522 eos
437 2451 560 2521 Christi
588 2454 670 2522 lides
699 2453 792 2521 rudis
821 2463 879 2540 est,
908 2465 943 2522 ct
963 2477 1031 2523 non
1057 2465 1164 2540 vetus,
1196 2453 1254 2523 ubi
1275 2451 1379 2522 fidem

234 2562 254 2608 o
297 2561 336 2607 ra
360 2549 549 2629 sequuntur.
598 2538 664 2606 Hic
694 2538 776 2607 fides
805 2561 871 2607 non
899 2541 991 2608 rudis
1020 2539 1079 2608 sed
1106 2550 1202 2608 vetus
1229 2547 1290 2623 est,
1318 2535 1380 2606 nbi

234 2625 333 2726 lieni
364 2646 465 2725 opera
492 2645 560 2753 ns⁰n
589 2625 795 2725 comitantur,
829 2624 887 2694 sed
920 2627 1015 2716 quasi
1046 2648 1107 2714 pre
1135 2632 1310 2708 vetustata,
1339 2633 1391 2691 nt,

234 2719 533 2896 emtis
552 2721 798 2879 loeti
821 2708 1379 2896 thohttmttltbm

235 2879 403 2948 decennus
424 2879 555 2946 ensibus
581 2901 728 2967 pugnare
756 2901 857 2970 qnam
883 2879 1027 2966 calamis,
1054 2891 1088 2949 et
1116 2901 1208 2969 prius
1237 2887 1379 2947 mortem

236 2962 327 3032 obire
353 2985 452 3054 qnam
479 2963 627 3032 hostibus
656 2975 749 3051 terga
778 2964 866 3032 dare.
911 2965 1010 3050 Quod
1030 2963 1083 3033 vel
1108 2974 1184 3032 tuus
1212 2964 1377 3033 exercitus

236 3048 440 3150 experituri·
468 3049 508 3115 ln
521 3048 628 3180 'corde
649 3072 723 3116 meo
745 3048 831 3116 dixi:
860 3056 902 3117 ‘et
924 3073 1024 3141 quam
1046 3052 1111 3118 sint
1132 3070 1310 3139 pugnaces,
1339 3070 1377 3117 re

236 3156 309 3223 Ipsa
322 3141 532 3286 {dpeldrtluffni
553 3219 616 3286 hac
637 3219 752 3287 eadem
774 3219 838 3304 die,
859 3232 935 3309 post
960 3221 1140 3322 meridiem,
1167 3219 1251 3321 adeo
1272 3221 1380 3323 imno:

237 3314 359 3372 mntem
391 3315 425 3372 et
457 3303 723 3392 haneliguratum
754 3328 808 3373 me
840 3315 1015 3373 revertenti
1047 3305 1090 3373 ad
1121 3305 1281 3408 palatium
1314 3302 1379 3372 ssbr
1415 3357 1418 3361 ,

236 3389 384 3477 precepit
405 3410 586 3472 occmnere,
615 3399 652 3455 ut
680 3389 850 3457 obviantes
872 3390 953 3458 mihi
974 3412 1058 3480 quae
1079 3413 1181 3481 prius,
1210 3391 1246 3457 in
1267 3399 1379 3479 stupo-

238 3496 307 3541 rem
329 3474 445 3541 mentis
467 3472 620 3541 mulieres
640 3496 768 3542 versae:
797 3475 916 3561 ‘Mena
937 3479 1073 3559 mana’0,
1096 3475 1291 3559 clamabant,
1319 3475 1378 3541 mi·

239 3559 357 3625 seriam
393 3581 501 3626 meam
537 3582 560 3647 p
631 3559 639 3574 '
717 3569 827 3627 ectora
858 3571 974 3628 tunsae
1003 3560 1195 3627 dicerentl:
1238 3561 1378 3627 tumori

238 3645 293 3710 καὶ
318 3643 525 3732 sclaiuooel’
560 3581 657 3726 lid?
708 3645 757 3712 ice
782 3645 862 3714 horo
892 3645 1017 3713 scilicet
1038 3646 1192 3731 venienti,
1221 3655 1255 3713 et
1281 3640 1378 3711 vobis

237 3726 437 3813 absentibus,
460 3728 540 3829 quid
562 3739 640 3796 tunc
663 3668 812 3798 manlius
836 3732 872 3798 in
892 3729 1018 3798 caelum
1046 3732 1161 3799 erectis
1183 3729 1378 3831 optaverim,

237 3814 408 3902 proveniat
434 3815 573 3880 annam!
607 3813 674 3882 Sed
707 3815 787 3881 mihi
814 3815 912 3883 velim
941 3815 1091 3900 credatis,
1122 3815 1165 3882 ad
1191 3836 1294 3882 nsum
1323 3835 1378 3881 me

237 3918 304 3964 non
333 3919 450 3999 parum
477 3897 595 3978 illexit,
629 3900 811 4000 impatienti
847 3902 934 3968 enim
963 3909 1077 4002 atque·
1092 3900 1205 3967 effreni
1232 3897 1379 4001 insidens

237 3986 1047 4157 iilltdllfflmblnlbglbapuplll
1063 3981 1379 4159 ggfhogmfflgj

238 4160 375 4220 matrem
418 4153 625 4221 recedentem
646 4156 740 4243 sequi
761 4156 915 4223 effrenate
964 4156 972 4173 ‘
1011 4157 1117 4223 ‘ttunt

235 4263 238 4268 ’
323 4237 375 4303 24.
443 4239 469 4304 ‘s
502 4237 649 4326 expletis,
682 4239 725 4306 ad
758 4241 908 4308 concives
941 4251 974 4307 et
1006 4237 1242 4308 cohabitatores
1275 4260 1376 4325 meos,

238 4344 262 4398 a)
278 4346 383 4388 hrodius
399 4348 422 4390 0.
440 4349 560 4391 &numius
577 4350 716 4391 dindrant.
747 4349 771 4403 b)
788 4355 923 4402 contempta
938 4351 961 4393 C.
991 4349 1111 4402 allelon,
1127 4354 1202 4392 mater
1216 4354 1293 4393 mater
1309 4349 1378 4392 BAB.

238 4404 262 4458 d)
277 4406 407 4448 Dicebatur
421 4408 443 4450 0.
460 4408 564 4451 dicerent
580 4409 719 4451 &umecta
