2932 4718
212 238 265 292 ibt
332 281 341 289 ,
490 236 723 292 umbrarum
742 237 915 293 mutulo.
954 238 1075 293 40-48.

147 405 595 562 summm
608 429 753 561 {2¹⁰⁹”’
782 404 1356 562 ttittt⁰tffttitttatt

209 578 295 648 hanc
325 516 623 668 interpletatiouem
649 515 831 681 ffiplslm
859 588 917 647 aut
943 578 1031 646 enim
1057 577 1167 648 futura
1194 542 1261 663 es’t,
1293 589 1353 648 aut

209 662 290 732 baec
318 684 397 734 vera
421 684 488 731 non
514 672 573 731 est.
616 662 823 753 Imposubile
852 675 902 732 est
933 665 1034 748 enim,
1068 676 1105 733 ut
1133 664 1284 766 Nicepho

210 749 296 817 dont
316 749 380 851 ipsi
400 748 607 833 mentiuntur,
630 750 672 817 sit
693 747 755 834 leo,
778 759 811 816 et
833 748 933 818 Otto·
954 750 997 817 sit
1018 747 1154 833 catrrlns,
1177 770 1235 840 qna
1255 749 1319 817 sim

210 833 447 903 extermmentl
480 832 632 923 aliquem.
687 834 813 903 ‘Ante'1
847 835 933 902 enim
964 835 1147 924 ‘pererratis
1178 833 1353 902 amborum

210 917 340 1005 tinibus,
363 917 450 1004 exul,
478 929 537 986 ant
557 919 688 986 Ararim
709 919 849 987 Parthus
877 918 976 1004 bibet,
1002 930 1061 987 ant
1089 918 1266 988 Germania
1286 918 1355 1007 Ty·

210 1003 313 1108 grial,
340 1026 440 1095 quam
461 1003 666 1092 Nicephorns
688 1015 721 1072 et
749 1003 828 1074 Otto
855 1005 1000 1074 amicitia
1028 1014 1144 1073 coeant
1167 1015 1199 1073 et
1218 1003 1354 1072 foedera

209 1115 222 1157 1
332 1099 356 1157 t

221 1111 350 1243 Ἥ.
392 1172 541 1241 Audistis
564 1173 776 1258 Graecorum,
805 1174 917 1241 audite
940 1196 1029 1242 nunc
1049 1173 1254 1264 liudprandi
1276 1171 1355 1242 Ore

211 1261 407 1328 monensise
429 1260 535 1348 iscopi
548 1258 859 1347 interpretationem.
884 1259 971 1329 Dico
984 1268 1105 1344 auum,
1120 1269 1152 1328 et
1165 1282 1232 1328 non
1247 1258 1355 1327 solnm

210 1345 285 1413 dico
306 1344 365 1413 sed
493 1367 523 1429 o,
545 1345 574 1410 si
594 1345 756 1434 scriptura
780 1343 862 1412 baec
888 1343 1095 1434 presentibus
1117 1355 1168 1412 est
1186 1343 1356 1434 implenda

210 1428 425 1520 temporibus,
444 1428 496 1497 leo
518 1440 551 1497 et
573 1429 710 1513 candus,
738 1439 833 1520 pater
854 1440 887 1498 et
908 1427 1004 1514 lilius,
1036 1427 1114 1498 Otto
1143 1440 1176 1497 et
1203 1427 1293 1515 Otto,
1320 1430 1355 1497 in

210 1514 299 1584 nullo
321 1515 477 1604 dispares,
499 1525 647 1668 tempore
669 1514 824 1582 distantes
845 1524 983 1600 tantum,
1008 1512 1106 1581 simul
1127 1513 1190 1581 hoc
1208 1514 1355 1604 presenti

210 1613 357 1690 tempore
387 1601 568 1669 extermina
591 1611 651 1668 unt
676 1621 845 1689 onagrum,
862 1599 907 1667 .id
936 1610 985 1667 est
1013 1597 1196 1668 silvestrem
1224 1600 1355 1668 asinum

210 1684 450 1774 Nicephorum,
481 1686 538 1775 qui
569 1706 636 1751 non
664 1686 844 1773 incongrue
873 1682 1013 1752 silvestri
1033 1686 1125 1752 asino
1147 1697 1359 1775 comparatur

212 1770 395 1838 obvanam
418 1783 450 1839 et
470 1773 601 1837 inanem
624 1768 761 1858 gloriam
787 1771 1011 1871 incestumque
1038 1769 1189 1837 dominae
1212 1781 1245 1838 et
1266 1792 1357 1839 eom·

212 1857 323 1923 matris
352 1877 431 1923 suae
458 1856 647 1943 coniugium
656 1865 678 1920 ¹.
734 1855 771 1923 Si
801 1876 924 1944 onager
949 1864 1011 1923 rste
1035 1877 1124 1922 nuno
1150 1879 1171 1922 a
1199 1855 1294 1923 leone
1322 1866 1356 1925 et

212 1939 319 2008 catulo
341 1951 462 2024 nostro,
486 1939 607 2008 Ottone
630 1950 661 2007 et
684 1937 814 2025 Ottone,
835 1950 929 2028 patre
951 1938 1075 2008 scilicet
1096 1952 1129 2007 et
1150 1938 1227 2025 filio,
1251 1963 1356 2031 augu-
1433 1944 1441 1956 '

212 2026 270 2094 stis
291 2026 513 2092 Romanorum
534 2025 795 2112 imperatoribus,
822 2027 1056 2093 exterminatus
1077 2046 1145 2092 non
1165 2025 1272 2111 fuerit,
1294 2048 1357 2095 neo
1402 2091 1409 2105 ,
1435 2061 1437 2065 ⁴

213 2109 303 2201 qnod
324 2108 524 2263 Hippolytus
551 2110 680 2198 scripsit
709 2132 823 2177 verum
845 2111 924 2195 erit3
952 2110 1154 2178 Graeoomm
1183 2112 1271 2179 enim
1300 2110 1358 2179 illa

213 2196 401 2286 superiora
423 2194 551 2262 icienda
571 2195 794 2283 interpretatio
817 2211 875 2263 est.
916 2195 993 2278 Sed,
1017 2217 1040 2265 o,
1058 2194 1133 2263 Iesu
1154 2193 1251 2280 bone,
1274 2195 1356 2265 deus

212 2292 353 2365 semme,
374 2281 512 2348 verbnm
533 2281 644 2368 patris,
668 2281 724 2369 qui
745 2281 841 2347 nobis
861 2281 1005 2368 indignis
1018 2278 1172 2371 loqueris,
1193 2303 1261 2349 nou
1273 2302 1358 2350 voce

214 2365 272 2434 sed
292 2366 511 2454 inspiratione,
533 2363 656 2431 nullam
677 2363 774 2431 aliam
799 2365 1098 2454 interpretationem
1126 2387 1227 2456 quam
1248 2388 1358 2435 meam

213 2452 248 2519 in
269 2449 331 2518 bac
353 2451 513 2518 sententia
533 2449 623 2517 velis.
666 2449 759 2534 Iube,
782 2461 819 2517 ut
839 2450 891 2517 leo
913 2460 947 2518 et
967 2449 1094 2518 catulus
1115 2451 1170 2518 isti
1190 2449 1277 2519 huno
1300 2464 1358 2520 e‘x·

213 2536 387 2605 terminent
408 2545 441 2602 et
462 2533 633 2602 humilient
659 2555 822 2623 onagrum
846 2557 993 2625 corpore,
1020 2536 1172 2637 quatinus
1193 2537 1229 2602 in
1250 2559 1286 2605 se
1307 2559 1358 2605 re·

213 2642 338 2704 versus,
360 2620 566 2709 dominisque
588 2620 655 2686 suis
677 2617 799 2686 Basilio
822 2631 855 2687 et
869 2617 1082 2688 Constantino
1104 2621 1359 2710 imperatoribus

213 2706 374 2789 subditus,
395 2706 429 2770 in
451 2704 504 2772 die
526 2704 650 2771 domini
672 2727 687 2770 s
712 2705 807 2772 iritne
829 2706 871 2771 sit
892 2703 1012 2772 salvus.

299 2792 353 2857 42.
397 2789 464 2858 Sed
490 2790 668 2856 astronomi
722 2811 762 2856 oc
791 2788 878 2857 idem
906 2789 947 2858 de
978 2788 1073 2857 vobis
1107 2800 1139 2858 et
1170 2789 1357 2880 Nicephoro

214 2876 433 2965 pronuntiant.
476 2875 552 2959 Res,
574 2876 718 2964 inquam,
740 2875 833 2940 mira
866 2873 952 2943 Cum
974 2874 1118 2965 quodam
1140 2898 1214 2942 sum
1227 2874 1358 2944 locutus

215 2970 412 3044 astronomo,
441 2961 497 3060 qui
525 2970 676 3045 vestram,
706 2957 830 3026 domini
857 2961 922 3026 mei
950 2961 1092 3049 augusti,
1118 2961 1357 3051 aequivocique

214 3046 315 3113 vestri
335 3055 475 3134 augrrstr,
497 3044 645 3128 formam,
678 3066 796 3127 mores,
826 3056 863 3112 ut
888 3055 972 3129 sunt,
998 3066 1075 3112 vere
1103 3043 1196 3129 dixit,
1225 3057 1358 3114 cuncta·

216 3153 280 3219 que
303 3151 376 3198 mea
393 3130 559 3231 preterita,
582 3130 674 3218 quasi
696 3130 860 3231 presentia
882 3129 976 3197 dixit
1012 3129 1082 3197 Nec
1104 3131 1250 3220 preteriit
1271 3131 1359 3221 quis·

216 3237 316 3304 quam
337 3236 516 3281 amrcorum
539 3215 592 3282 vel
619 3215 835 3298 inimicorum,
863 3214 904 3281 de
926 3216 1045 3305 quibus
1067 3238 1159 3283 mens
1180 3214 1260 3282 mibi
1282 3239 1358 3306 sng-

238 3301 315 3368 essit
336 3309 373 3366 ut
393 3300 639 3389 interrogarem,
661 3299 753 3365 cuius
775 3299 932 3384 habitum,
954 3299 1092 3367 formam
1115 3312 1148 3368 et
1169 3321 1275 3367 mores
1290 3323 1358 3369 non

215 3322 349 3453 diceret.
397 3384 564 3474 Quicquid
580 3461 583 3464 ⁴
597 3382 791 3451 calamitatis
824 3384 904 3452 mibi
937 3385 1000 3451 hoc
1028 3385 1064 3451 in
1092 3385 1207 3453 itinere
1234 3384 1358 3454 accidit

216 3469 363 3537 futurum
384 3492 456 3537 esse
483 3468 636 3558 predixit.
681 3467 731 3536 sit
759 3468 966 3536 mendacium
995 3482 1112 3537 omne⁰
1140 3469 1231 3561 qnod
1256 3470 1358 3558 dixit,

217 3576 318 3621 unum
341 3576 472 3644 quaeso,
495 3551 698 3621 solummodo
721 3553 763 3619 sit
782 3575 907 3637 verum,
931 3555 1018 3644 quod
1041 3576 1100 3622 vos
1122 3578 1193 3623 esse
1214 3554 1358 3624 facturos

216 3639 402 3729 Nicephoro
425 3639 577 3729 predixit.
617 3638 692 3704 Fiat
712 3638 847 3724 utinam,
870 3641 994 3706 utinam
1016 3639 1083 3726 fiat,
1106 3650 1139 3708 et
1159 3651 1230 3707 tum
1244 3639 1291 3707 nil
1304 3662 1358 3709 ms

217 3725 295 3791 mali
339 3746 449 3790 assum
472 3747 542 3790 esse
564 3721 765 3810 intellegam!

303 3748 355 3876 cll.
414 3809 536 3876 Scribit
565 3810 662 3875 etiam
691 3809 837 3896 prefatus
867 3808 1068 3898 Hippolytus
1075 3859 1083 3894 ,
1119 3808 1264 3878 Graecos
1291 3832 1359 3879 non

218 3974 242 4027 a)
259 3975 319 4019 Otho
336 3975 358 4018 0,
375 3986 447 4026 saepe
508 3974 532 4025 b)
550 3974 691 4017 exterminet
707 3974 730 4016 θ.
793 3973 814 4026 c)
832 3984 902 4017 omen
918 3974 939 4016 θ.

221 4105 457 4177 1)Verg.1tcl.1,
477 4108 522 4162 62.
544 4107 588 4160 63.
648 4105 678 4174 2)
691 4106 889 4177 Theophsnoni
906 4122 1024 4176 nanque
1036 4107 1209 4178 Nicephorus
1227 4107 1372 4165 affinitate-

220 4182 384 4251 absptismo
398 4185 514 4248 iunctus,
535 4197 595 4234 eam
616 4180 734 4250 deniqne
754 4184 782 4234 in
802 4181 951 4234 thalamum
971 4183 1070 4251 rapuit,
1089 4183 1175 4235 inrito
1188 4198 1299 4252 qnoque
1311 4199 1361 4255 pa·

220 4257 347 4322 triorche,
364 4258 410 4326 qni
423 4255 596 4326 postmodnm
617 4258 755 4309 consensit
768 4254 882 4324 (Leonis
896 4256 1014 4308 Diaconi
1028 4256 1100 4310 Hist.
1115 4256 1161 4309 111
1174 4272 1199 4312 e.
1212 4257 1252 4326 9).
1273 4255 1361 4313 CAN.
