2932 4718
309 232 544 286 LIUDPRANDI
562 232 831 288 ANTAPODOSIS.
868 233 941 287 LIB.
961 234 1010 287 VI.
1051 235 1132 287 1-3.
1238 235 1291 287 119

148 404 284 490 quatiar,
312 403 469 491 iuvatque
498 402 662 469 hominem
687 405 881 470 exteriorem
935 405 1020 471 otius
1047 403 1160 491 lugere
1191 428 1290 506 quam

146 489 298 555 seribere.
341 489 480 555 Interior
505 511 584 556 vero
613 488 802 577 apostolicis
832 511 871 556 co
970 501 1043 555 atus
1068 490 1234 572 institutrs,
1255 492 1290 557 in

146 573 334 640 huiusmodi
361 572 625 641 tribulationibus
655 573 828 662 gloriatin,
862 576 967 642 sciens
1001 574 1091 662 quod
1122 572 1289 642 tribulatio

145 661 336 748 patientiam
358 670 521 748 operatur,
550 661 709 748 patientia
738 670 849 726 autem
872 659 1107 750 probationem,
1137 660 1289 761 probatio

144 767 223 811 vero
245 767 352 833 spem3
375 767 449 832 spes
471 756 582 811 antem
595 767 662 810 non
676 744 855 829 confundit,
878 746 956 835 quia
970 747 1088 811 carius
1103 744 1157 812 der
1171 745 1454 820 diffussam-a

145 831 250 896 estin
271 827 425 896 cordibus
447 831 565 896 nostris
586 851 647 917 per
667 831 820 930 spiritum
846 843 1006 913 sanctum,
1035 831 1092 919 qui
1120 829 1217 898 datus
1239 842 1290 898 est

143 914 249 981 nobis.
292 915 432 981 Paroeat
459 917 570 1002 itaque
596 916 743 982 interrori
772 917 932 999 exterior,
961 937 1085 1004 suaque
1110 915 1289 984 infurtunia

143 1022 211 1066 non
233 998 338 1067 solum
358 1021 425 1066 non
454 999 637 1083 abhorreat,
659 1021 776 1067 verum
796 1001 831 1066 in
852 1001 903 1068 his
930 1002 1040 1090 potins
1062 1003 1288 1089 conquiescat3

100 1139 106 1147 ,
145 1084 225 1151 dum
248 1108 290 1152 ue
312 1086 474 1153 scribendi
503 1107 636 1175 operam
666 1085 757 1169 dans,
788 1084 938 1155 fortunae
965 1097 1038 1153 rota
1067 1084 1189 1153 elevari
1217 1085 1287 1170 bos,

143 1169 215 1237 illos
261 1172 376 1259 eprimi
398 1170 527 1252 dixerit,
546 1180 734 1271 presentem
759 1171 1058 1239 incommoditatem
1087 1172 1195 1238 minus
1218 1194 1289 1239 sen·

144 1257 212 1340 tier,
242 1258 376 1345 eiusque
405 1255 613 1323 mutabihtati
643 1255 863 1342 congaudens,
893 1257 1070 1340 deteriora,
1100 1256 1189 1346 quod
1217 1256 1288 1324 fieri

143 1343 258 1431 nequit
281 1343 315 1407 ni
344 1364 431 1408 mors
460 1354 519 1407 aut
546 1342 768 1410 membrorum
798 1341 979 1411 debilitatio
1006 1341 1195 1426 intercedat,
1221 1343 1288 1408 iam

142 1448 209 1493 non
230 1438 364 1508 metuat,
386 1425 445 1494 sed
465 1426 630 1492 fortunata
651 1449 781 1515 semper
809 1438 971 1516 expectet.
1014 1427 1174 1494 Instantis
1201 1428 1288 1495 enim

144 1514 172 1577 si
194 1513 377 1593 mutaverit,
401 1511 538 1578 salutem
562 1534 646 1601 quae
667 1510 761 1578 deest
780 1511 915 1594 adferet,
941 1513 1176 1580 infortunatum
1199 1512 1289 1602 quod

142 1595 236 1663 adest
258 1595 408 1684 expellet
449 1595 581 1664 Scribat
601 1598 722 1686 itaque,
745 1608 779 1664 et
793 1596 1017 1688 superioribus
1031 1619 1111 1665 vera
1125 1596 1186 1664 bec
1203 1619 1287 1687 quae

142 1693 297 1750 secuntur
315 1681 481 1769 adiungat

228 1785 258 1851 2.
303 1785 394 1873 Rege
409 1785 552 1872 Hugone
565 1785 754 1853 Provintiae
775 1787 809 1852 in
824 1787 973 1874 partibus
987 1785 1151 1870 defuncto,
1168 1786 1287 1854 Beren-
1300 1793 1342 1848 (r.)

142 1872 226 1957 garii
246 1893 367 1937 nomen
390 1868 518 1960 celebre
540 1870 630 1971 apud
651 1869 833 1957 nonnullas,
855 1873 1027 1974 presertim
1048 1870 1138 1961 apud
1161 1870 1286 1939 Grecas
1299 1854 1372 1897 ⁰⁴²⁶

142 1957 250 2022 extitit
270 1958 427 2022 nationes.
472 1955 505 2022 Is
527 1977 615 2022 emm
636 1955 759 2023 Italicis
781 1957 933 2024 ommbus
954 1956 1202 2046 principabatur
1222 1958 1285 2024 vir-

141 2050 221 2124 tute,
242 2063 304 2107 rex
325 2063 405 2108 vero
426 2040 601 2108 Lotharius
624 2040 693 2107 solo
714 2043 878 2108 nomine¹.
913 2041 1179 2110 constantiensi
1234 2064 1286 2126 ne,

143 2127 209 2214 qui,
232 2125 366 2193 deiectis
381 2125 530 2191 Romani
552 2125 692 2215 filiisque
707 2128 785 2211 suis,
809 2124 1138 2215 Constantinopoleos
1151 2148 1230 2214 rege
1274 2138 1288 2195 t

140 2212 324 2300 imperium,
355 2211 482 2294 audito,
512 2211 747 2298 Bereugarium
802 2213 924 2279 atentia
949 2222 1095 2301 prestare
1122 2211 1287 2299 Lothario,
1378 2276 1379 2279 ,

165 2319 200 2363 er
220 2296 388 2363 Andream
439 2294 580 2364 uendam
611 2298 669 2385 qui
689 2295 731 2363 ab
760 2318 780 2363 o
819 2299 869 2364 cio
900 2298 1021 2364 comis·
1050 2297 1172 2364 curtis¹
1201 2297 1287 2365 dice·

139 2319 257 2466 batur,
291 2381 400 2449 literas
464 2383 633 2468 erengario
667 2382 798 2469 dirigit,
830 2384 865 2448 in
897 2381 1016 2473 quibus
1050 2380 1286 2466 continebatur,

139 2465 348 2534 vehementer
369 2489 403 2534 se
425 2466 617 2555 Berengarii
638 2468 790 2556 nuntium
811 2466 895 2535 velle
916 2466 1045 2551 videre3
1069 2468 1162 2533 cuius
1184 2467 1219 2532 in
1237 2488 1286 2534 re·

140 2551 211 2618 ditu
242 2563 473 2640 cognosceret,
506 2564 627 2654 quanta
659 2553 735 2620 eum
767 2554 901 2621 caritate
933 2551 1092 2640 diligeret
1147 2551 1220 2620 Seri
1245 2553 1287 2620 sit

138 2639 238 2703 etiam
261 2651 294 2704 et
308 2637 594 2704 commendaticias
610 2639 716 2705 eidem
753 2659 790 2704 ro
805 2637 961 2706 Lothario
974 2635 1108 2722 litteras,
1131 2636 1203 2704 utfi
1228 2635 1287 2705 elis

138 2723 171 2789 ei
193 2731 280 2790 esset
300 2722 552 2807 administrator,
576 2723 630 2789 cni
652 2723 713 2790 deo
731 2659 893 2812 largiente
909 2725 1063 2791 extiterat
1077 2721 1286 2807 gubernator.

140 2807 374 2875 Constantinus
410 2828 552 2898 namque
589 2806 839 2875 sollicitudinem
871 2831 938 2876 non
970 2830 1108 2898 parvam
1139 2806 1287 2875 Lotharii

139 2915 200 2982 pro
222 2892 326 2959 salute
348 2891 499 2976 habebat,
522 2892 674 2993 religiose
695 2893 737 2960 ob
752 2915 899 2961 amorem
913 2915 1016 2960 nurus
1032 2915 1110 2960 suae
1127 2893 1284 2981 cogitans,

139 3001 225 3067 quae
247 2977 394 3044 Lotharii
415 3000 507 3045 soror
528 2986 710 3045 extrterat⁸.

1375 1854 1426 1900 980.

224 3083 255 3149 3.
299 3081 517 3169 Berengarius
538 3083 660 3170 itaque,
685 3080 858 3149 calliditate
881 3103 947 3170 qua
968 3092 1039 3148 erat
1052 3081 1283 3148 suffarcinatus

138 3168 295 3255 cogitans,
331 3189 428 3256 quem
460 3167 668 3256 potissimum
702 3168 853 3248 mitteret,
876 3167 941 3231 'cui
974 3165 1021 3232 nil
1052 3169 1207 3256 inpensae
1241 3166 1283 3234 ob

138 3253 264 3320 itineris
279 3253 549 3353 longinquitatem
564 3252 724 3341 preberet,
746 3252 909 3333 vitricum,
926 3251 1019 3318 cuius
1033 3261 1112 3318 tunc
1128 3250 1189 3318 sub
1206 3273 1285 3319 cura

137 3336 310 3426 degebam,
337 3360 490 3404 vemens:
522 3337 655 3420 ‘Quanti
685 3335 782 3418 mibi',
809 3337 844 3402 in
868 3337 930 3420 uit,
960 3343 1065 3420 ‘esset
1095 3338 1284 3427 privignum

82 3500 87 3508 g
137 3434 230 3489 tuum
254 3421 377 3490 Grecas
398 3422 507 3490 literas
529 3444 596 3489 non
617 3420 799 3508 ignorare'?
843 3359 907 3489 31ιὶ
929 3444 1007 3488 cum
1028 3421 1166 3489 diceret:
1203 3421 1283 3490 ‘Utl

137 3507 328 3574 diutiarum
362 3529 508 3574 mearum
538 3529 578 3573 ea
610 3507 715 3594 gratia
746 3517 873 3596 partem
901 3506 1059 3574 mediam·
1076 3506 1283 3574 distributam

137 3592 310 3660 haberem!
354 3592 429 3659 Non
450 3595 603 3675 neeesse',
631 3593 685 3677 ait,
712 3592 834 3675 ‘habea
863 3613 969 3680 neque
992 3594 1203 3659 centesimam
1223 3593 1282 3658 im·

138 3680 262 3768 partiri.
293 3676 671 3766 Constantinopolitanae
692 3679 870 3766 imperator
890 3676 1004 3745 litteris
1026 3689 1106 3762 orat,
1121 3687 1158 3743 ut
1171 3698 1281 3769 meum
1411 3748 1416 3763 ,

137 3765 182 3830 ad
204 3787 239 3832 se
259 3765 410 3830 nuntium
440 3762 589 3850 dirigam.
635 3761 734 3845 Quod
764 3784 840 3829 cum
869 3761 912 3830 ob
938 3763 1039 3828 animi
1067 3762 1282 3829 constantiam
1399 3795 1403 3805 ·

139 3930 163 3982 a)
179 3941 228 3972 una
242 3941 298 3983 pars
312 3931 385 3982 pterea
405 3933 424 3973 l.
447 3929 575 3980 ambirem
590 3928 690 3979 sortem
705 3939 776 3968 ccccm
792 3929 866 3969 comta
878 3929 978 3980 prostare
994 3930 1093 3980 russata·
1107 3929 1281 3992 mansuetam

137 4002 190 4039 carc,
207 3992 258 4031 dara
273 3991 297 4032 ta
313 3992 383 4032 codtoe
397 3989 485 4031 duobus
500 3989 564 4030 lincis
578 3988 775 4031 hamaucorum
790 3997 839 4029 nna
855 3999 910 4040 pars
927 3989 999 4030 curtis
1015 3990 1038 4048 ²5
1100 3989 1124 4042 b)
1140 3997 1166 4032 ut
1183 3990 1203 4029 1.

141 4121 171 4190 1)
189 4125 336 4179 Lotharius
355 4127 384 4177 in
404 4125 505 4177 chartis
525 4125 580 4176 suis
599 4122 797 4190 Borangarium
816 4138 949 4175 summurn
969 4124 1047 4189 regni
1067 4123 1152 4176 nostri
1168 4121 1280 4176 'comui-

138 4200 226 4251 arium
245 4200 290 4252 vel
311 4206 464 4253 consortem
483 4204 574 4251 vocat.
644 4194 674 4263 9)
687 4191 773 4266 κόμης
785 4193 834 4264 τῆς
846 4191 953 4270 neptae,
973 4197 1129 4265 praefectus
1141 4197 1279 4266 praetorio

138 4271 171 4342 9)
191 4274 275 4328 Berta
293 4275 338 4328 rel
357 4273 493 4338 Eudocia,
513 4287 584 4341 quae
603 4287 674 4323 anno
695 4271 749 4323 949
769 4270 846 4323 obiit.
