2932 4718
329 261 563 316 LIUDPRANDI
583 260 848 316 ANTAPODOSIS.
886 262 960 316 Lm.
980 263 1015 316 V.
1213 267 1249 318 00

105 456 171 520 qua
192 432 383 522 aliquandiu
410 441 640 515 commoratus,
667 432 874 499 miseratione
902 433 990 520 regis
1019 431 1170 518 dignitati
1200 445 1312 504 estsaa

105 519 261 605 pristinae
283 519 460 585 restitutus.
783 553 789 559 ·

189 604 240 670 34.
284 603 462 671 Heinricus
484 601 625 690 denique
645 602 744 690 regis,
766 601 875 668 fratris
899 599 1025 668 seilicet
1043 602 1104 685 sui,
1126 612 1249 672 terrore

103 690 318 770 exanimatus,
341 689 376 753 in
398 685 565 755 castellum
587 685 749 753 vocabulo
768 685 1003 775 capraemons,
1025 688 1166 776 ingeniis
1182 712 1250 756 non

103 771 208 838 solum
230 774 399 840 hominum
421 794 536 839 verum
554 781 672 837 natura
685 773 758 860 ipsa
772 772 935 837 munitum
946 785 968 857 ¹,
990 771 1119 859 ingredi
1134 772 1247 842 voluit.

103 856 200 940 Quod
223 880 315 925 soror
336 860 416 940 eius,
439 856 540 923 vidua
560 855 713 924 videlicet
735 855 922 940 Gisleberti‚
968 878 1152 943 renoscens,
1180 882 1248 927 non

102 943 206 1009 solum
227 966 269 1010 ne
290 942 326 1009 id
347 943 455 1010 faeere
477 954 589 1031 posset
633 941 786 1025 rohibuit,
813 963 927 1008 verum
977 942 1144 1010 uiusmodi
1172 967 1247 1012 eum

102 1029 307 1095 sermonibus
329 1028 499 1095 convenit:
542 965 632 1094 ‘Prol
665 1048 732 1094 uon
764 1037 829 1094 tete
860 1026 1067 1094 miseriarum
1098 1050 1247 1097 mearum

101 1114 200 1197 tedet,
222 1135 305 1215 quas
327 1115 466 1201 coniuge
488 1115 684 1202 interempto
705 1113 881 1213 perpetior,
905 1112 969 1179 nisi
990 1114 1089 1179 etiam
1110 1116 1192 1181 meis
1214 1124 1246 1182 te

100 1199 134 1264 in
156 1199 398 1266 mumcionibus
420 1196 622 1266 occludendo
644 1221 732 1287 regis
752 1200 836 1264 iram
858 1219 957 1285 super
977 1198 1145 1286 regionem
1160 1199 1246 1267 hane

101 1284 193 1351 velut
213 1305 334 1372 aquam
356 1283 530 1352 effundas?
565 1283 773 1366 Nouiorum,
803 1305 870 1349 non
891 1284 1007 1371 patiar,
1035 1306 1101 1350 non
1123 1285 1245 1370 sinam3

101 1391 167 1435 non
188 1382 279 1436 tanta
299 1368 454 1437 vecordia
483 1368 582 1436 miehi
611 1370 724 1435 innata
749 1370 856 1453 inerit,
884 1379 922 1435 ut
948 1391 993 1435 ex
1017 1369 1100 1437 meis
1122 1371 1245 1438 incom-

101 1454 208 1521 modis
228 1466 286 1521 tua
307 1476 380 1520 eom
405 1476 478 1520 ares
493 1453 686 1521 commoda.

186 1541 237 1607 35.
282 1539 346 1605 His
417 1539 557 1606 eimieus
595 1537 724 1621 auditis,
762 1559 837 1604 oum
873 1536 963 1603 aliud
999 1537 1088 1626 quod
1122 1539 1247 1609 faceret

99 1625 281 1777 ttulit
296 1624 796 1778 tltlt'lttffittutltt
811 1620 960 1776 pli-ili
977 1621 1155 1777 {llll
1197 1626 1246 1779 “t

99 1795 111 1859 i
136 1818 172 1861 so
186 1733 357 1884 ignorllnte
371 1733 759 1897 plerl’eniaqsupplexque
774 1730 1093 1860 milemeomiamglim
1116 1734 1244 1864 lolavit

101 1817 163 1948 gui
178 1904 254 1948 rex:
278 1879 481 1968 ‘Indignum'‚
503 1883 620 1969 inqmt,
644 1879 781 1946 ‘memus
800 1891 893 1946 tuum
907 1879 1058 1946 miserioo
1110 1901 1164 1946 am
1178 1903 1246 1949 non

26 1994 32 2001 '¹
98 1978 250 2033 meretur.
294 1967 417 2033 Verum
441 1967 519 2055 quia
539 1966 637 2033 video
659 1977 691 2032 te
713 1962 918 2031 humiliatum
947 1984 1057 2030 eoram
1084 1986 1148 2050 me,
1177 1989 1245 2034 non

98 2050 252 2118 inducam
274 2050 398 2118 malum
421 2074 520 2140 super
540 2054 591 2118 ω’.
635 2051 737 2117 Iussit
757 2051 868 2139 itaque
895 2070 971 2116 eum
996 2070 1058 2116 rex
1084 2049 1128 2117 ad
1154 2050 1244 2139 pala·

97 2137 180 2203 tium
202 2158 309 2220 suum,
332 2135 421 2225 quod
442 2138 477 2203 in
498 2136 640 2202 &anaia
659 2137 695 2201 in
715 2133 790 2202 loeo
810 2136 867 2235 qui
886 2132 1109 2234 Ingelanlreim
1123 2133 1244 2205 dieitur

98 2224 330 2289 constitutum·
367 2231 447 2304 θεῖ’,
486 2220 661 2309 proficisci,
707 2217 894 2309 sollertique
936 2217 1030 2285 rllum
1098 2221 1106 2237 ⁸
1133 2220 1141 2236 ”
1197 2223 1244 2290 tia

99 2306 263 2390 custodiri,
287 2306 397 2397 quoad
418 2308 486 2374 irae
507 2317 634 2374 remota
647 2303 818 2395 paululum
833 2304 1027 2394 egritudine,
1049 2306 1107 2394 qui
1144 2328 1306 2396 superm,

98 2414 138 2458 eo
159 2392 291 2477 faceret,
313 2393 497 2478 sapientum
519 2390 653 2458 oonsilio
676 2389 835 2457 deliniret

189 2526 402 2601 EXPLICIT
423 2531 561 2599 LIBER
583 2528 797 2613 QUARTUS
820 2527 918 2597 DEO
943 2526 1151 2598 GRATIAS.

257 2801 493 2872 INCIPIUNT
516 2801 747 2870 CAPITULA
767 2799 892 2868 LIBRI
914 2798 1094 2883 QUINTI.-

163 2947 191 3011 1.
226 2941 376 3026 Qualiter
411 2943 632 3009 Herimaunus
652 2941 854 3043 ‘Suevorum
890 2940 960 3042 dux
995 2938 1141 3007 Iiumlfo
1173 2937 1241 3006 filio

225 3030 312 3116 regis
333 3027 435 3095 filiam
457 3049 551 3094 suam
572 3050 704 3095 nomme
725 3027 810 3094 Item
832 3048 1004 3115 oomugem
1027 3023 1129 3092 daret

161 3113 191 3180 2.
224 3113 278 3180 De
300 3111 415 3203 eclipsi
438 3111 515 3180 solis
536 3123 570 3181 et
590 3114 794 3202 apparitione
817 3119 972 3178 cometae.

160 3199 191 3267 3.
223 3198 277 3265 De
299 3221 338 3265 eo
362 3197 450 3288 quod
472 3221 532 3264 rex
548 3197 651 3287 Hugo
665 3198 805 3265 Romam
817 3195 1001 3286 ’quotannis
1024 3201 1242 3283 oppresserat

160 3286 191 3351 4.
224 3282 278 3351 De
300 3282 502 3372 Berengario
528 3293 562 3351 et
587 3283 748 3350 Ansoario
770 3281 935 3364 fratribus,
979 3301 1097 3346 uorum
1117 3277 1242 3345 Ansoa-

223 3369 310 3435 rium
346 3371 381 3435 in
418 3366 592 3437 Camerino
629 3380 662 3436 et
698 3365 833 3456 Spoleto
869 3385 939 3431 mar
983 3365 1090 3432 'onem
1122 3363 1241 3431 consti·

224 3463 340 3521 tuerat.

139 3539 193 3606 *5.
225 3538 279 3606 De
301 3536 448 3607 Serlione
470 3495 569 3691 ffim
590 3561 652 3606 rex
665 3535 767 3626 Hugo
790 3543 904 3603 eontra
916 3531 1113 3602 Ausearium
1132 3533 1243 3618 mittit,
1251 3566 1260 3586 ·
1268 3579 1293 3622 2
1302 3568 1355 3614 m,

197 3635 201 3642 '
225 3634 258 3691 et
279 3623 320 3691 de
341 3622 453 3690 verbis
548 3623 658 3691 oariil.

159 3709 190 3776 6.
223 3709 277 3776 De
298 3709 386 3777 bono
408 3707 545 3776 consilio
566 3704 842 3776 Wikberti‘boni
868 3702 990 3789 militis,
1018 3707 1052 3770 'et
1072 3700 1159 3769 malo
1179 3701 1242 3769 Ar·
1264 3781 1270 3793 ἱ

225 3791 300 3861 oodi
322 3792 400 3860 meli
422 3791 565 3860 militis&

96 3956 285 4010 a)eortltum1.
409 3952 1242 4010 bnawwtadeoodldeamtommmatetmtu

98 4018 126 4060 18
136 4019 227 4070 fluitur.
290 4016 313 4071 e)
329 4019 439 4070 tuaeque
451 4018 527 4069 prm
542 4028 619 4067 nanu,
635 4016 722 4068 reum
737 4016 817 4058 tum
832 4016 907 4068 apin
921 4025 991 4057 nm
1005 4013 1101 4057 mla
1117 4016 1140 4056 l.

96 4148 125 4219 1)
147 4149 328 4205 Chtwsmont
347 4168 432 4221 propo
450 4151 595 4215 hodium,
614 4149 762 4204 Gislsberti
780 4155 908 4203 autrum.
984 4144 1014 4217 2)
1035 4145 1078 4201 Οἱ.
1091 4144 1243 4214 Reginorum

97 4226 197 4278 contin.
217 4225 282 4280 941.
314 4225 507 4297 Liudprandus
527 4227 573 4279 hio
592 4225 709 4294 priorem
722 4222 849 4278 Heinrlei
861 4223 1060 4278 mbieotionem
1074 4235 1136 4274 oum
1149 4223 1242 4289 poste·

94 4301 160 4353 riori
180 4300 320 4376 ‹ronflulit¹

971 4397 1004 4450 7.
