2932 4718
110 194 113 201 ’
208 212 880 269 uunrsmnranrnronosrs.n1n.1.
920 213 1040 268 rs-as.
1166 217 1200 268 rr

87 383 214 451 ilatione
237 386 355 452 acriter
375 407 435 451 rex
456 385 647 473 insequitur,
678 384 775 452 urbes
798 396 831 451 et
853 383 984 451 castella
1006 387 1115 451 omnia
1136 384 1200 452 sibi

87 470 242 536 sistentia
270 470 305 534 vi
333 468 508 538 debellans.
560 467 695 535 Nullum
727 467 888 557 siquidem
920 469 1027 537 fuerat
1056 483 1196 538 castrum

87 566 175 622 utura
197 555 294 620 etiam
316 555 389 643 ipsa
411 556 581 637 munitum,
609 553 697 644 quod
717 555 830 621 virtuti
859 553 955 621 buius
985 553 1099 623 saltem
1121 557 1199 624 resi·

87 662 143 708 are
173 638 350 707 moliretur.
402 640 491 724 Quid
518 651 628 707 autem
657 639 790 724 mirum,
821 661 896 707 cum
926 641 998 741 ipsa
1027 642 1196 709 civitatum

87 725 205 792 mnium
226 727 349 814 regina,
375 747 495 813 magna
516 723 640 792 scilicet
659 724 781 809 Roma,
808 723 905 791 buius
932 737 1091 814 impetum
1112 727 1260 795 serrem·

87 810 264 914 equivemt?
306 811 482 878 Enimvero
512 809 589 877 dum
619 833 640 876 a
669 810 824 877 Romanis
851 813 884 876 in
926 811 1055 879 ediendi
1081 800 1276 881 urbemffi'·

87 918 132 963 nc
148 894 263 962 fidutia
277 909 461 983 negaretur,
484 906 680 965 convocatos
694 895 736 961 ad
751 918 822 963 sese
837 833 954 962 milles
969 899 1016 962 ita
1029 899 1196 982 convenit:

87 983 108 1050 3.
144 980 355 1068 ‘Magnanimi
375 1003 525 1070 proceres
548 993 581 1048 et
603 980 682 1048 clari
702 981 807 1048 Marte
829 979 982 1066 secundo,
1062 980 1196 1052 Versds.

143 1065 248 1132 Arma
292 1067 389 1135 uibus
411 1066 554 1134 studium
576 1066 664 1133 fulvo
687 1065 813 1134 radiare
836 1065 975 1151 metallo,

142 1090 336 1219 Romulidae
359 1153 442 1220 sueti
463 1153 577 1219 vacuis
622 1150 687 1219 uod
710 1150 849 1219 condere
872 1152 1017 1240 scriptis3

143 1236 269 1305 Sumite
291 1260 377 1303 nunc
399 1238 534 1321 animos,
557 1175 650 1304 vobis
670 1236 761 1303 furor
781 1259 873 1303 arma
892 1238 1088 1306 ministret¹l

142 1322 218 1388 Non
238 1323 415 1411 Pompeius
436 1321 538 1405 adest,
560 1344 626 1388 non
647 1320 750 1388 Iulius
772 1320 825 1389 ille
847 1320 972 1406 beatus,

143 1408 209 1490 Qui
230 1419 358 1473 nostros
380 1405 506 1474 domuit
525 1428 664 1494 proavos
686 1428 843 1474 mucrone
863 1407 1003 1492 feroces3

141 1490 264 1559 Indolis
286 1493 381 1560 buius
403 1492 490 1560 enim
510 1502 675 1558 summos·
699 1490 837 1558 deduxit
857 1491 900 1557 ad
922 1493 1030 1581 Argos
1038 1503 1059 1576 ²3

141 1577 282 1644 Protulit
302 1579 336 1643 in
358 1577 464 1645 lucem
488 1589 605 1666 quem³
629 1589 741 1644 sancta
762 1577 928 1644 Britanica
949 1591 1062 1645 mater.

142 1661 205 1728 His
227 1673 312 1729 torta
334 1663 477 1731 studium
500 1665 639 1752 pingues
662 1675 792 1751 captare
813 1660 930 1728 siluros
975 1691 979 1700 ·
1066 1681 1070 1688 ·

143 1746 331 1831 Oannabel,
352 1771 418 1815 non
441 1747 562 1849 clipeos
584 1746 735 1814 manibus
756 1760 884 1835 gestare
904 1748 1090 1815 micantes'l

141 1832 193 1900 27.
228 1833 290 1899 His
311 1854 402 1900 eroes
425 1833 519 1900 dictis
542 1835 667 1900 animos
688 1834 829 1917 accensi,
851 1834 951 1900 vitam
974 1832 1079 1899 laudis
1092 1831 1195 1900 avidi·

87 1927 123 1985 te
151 1930 393 2006 contempnunt
447 1918 568 2008 Clipeis
597 1918 672 1985 deni
696 1941 737 1985 ue
768 1916 911 1984 cratibus
934 1941 976 1987 ue
1006 1919 1194 1986 catervatim

87 2003 170 2089 perti,
192 2025 302 2070 muros
316 2002 406 2070 adire
421 2002 637 2088 contendunt3
659 1940 801 2094 plurima
816 1940 1087 2072 etiamqbellorum
1101 2026 1194 2092 para·

87 2098 169 2155 urant
189 2089 411 2173 instrumenta,
434 2112 509 2157 cum
528 2090 614 2156 inter
627 2086 801 2190 agendum,
823 2086 944 2177 populo
960 2088 1193 2174 considerante,

87 2174 216 2261 intingit
236 2172 439 2263 lepusculum
462 2173 602 2242 clamore
632 2197 700 2241 erus
730 2174 921 2240 exterritum
942 2174 1057 2242 urbem
1079 2197 1193 2241 versus
1256 2206 1261 2212 ·

87 2280 176 2347 gere.
222 2257 328 2342 Quem
352 2259 430 2325 dum
455 2261 626 2343 exercitus,
649 2270 686 2326 ut
706 2257 840 2342 adsolet,
862 2258 1047 2327 vehementi
1068 2261 1194 2348 impetu

87 2353 261 2446 operetur,
294 2344 433 2411 Romani
451 2355 614 2496 ¹putantes
642 2367 676 2412 se
707 2344 897 2432 inpugnari,
931 2346 972 2411 de
1001 2368 1093 2412 muro
1123 2368 1193 2413 sese

87 2429 250 2495 nrciunt⁴.
274 2430 371 2512 Quod
382 2453 450 2519 pop
485 2453 524 2496 us
536 2452 680 2515 cernens,
692 2427 894 2518 sagmatibus
906 2427 1058 2519 sellisque
1074 2429 1193 2520 quibus

87 2515 149 2603 [uis
167 2512 353 2581 insederant
373 2516 466 2581 iuxta
485 2537 615 2580 murum
637 2515 801 2602 proiectis,
823 2537 883 2603 per
904 2536 1017 2581 eorum
1038 2538 1194 2583 acervum

87 2611 186 2666 muln
206 2599 386 2667 ascendunt
395 2611 417 2666 ³.
453 2601 534 2667 Pars
556 2622 633 2680 vero
656 2599 770 2689 populi
792 2598 943 2701 quedam
956 2604 1102 2689 'accepta
1115 2623 1195 2667 mox

87 2683 147 2752 abe
170 2685 407 2774 quinquaginta
427 2684 548 2774 pedum
569 2706 705 2772 procera
726 2682 939 2774 longrtudine,
968 2697 1095 2774 portam
1117 2708 1195 2774 qua·

87 2780 150 2853 unt,
172 2780 205 2836 et
219 2769 357 2837 Romam
371 2793 479 2873 ,quam
493 2769 693 2837 Leonianam
716 2771 838 2856 dicunt,
860 2771 895 2836 in
918 2792 983 2872 qua
1003 2771 1091 2840 beati
1105 2772 1195 2839 Petri

87 2852 275 2922 >ostolorum
296 2857 452 2945 principis
473 2858 652 2946 pretiosum
675 2877 795 2945 corpus
818 2857 964 2945 quiescrt,
994 2856 1027 2922 vi
1050 2858 1193 2946 capiunt

87 2940 165 3007 eteri
193 2963 269 3007 vero
302 2941 359 3031 qui
385 2953 473 3008 trans
503 2940 648 3008 Tiberim
676 2953 777 3026 erant,
806 2939 869 3009 hoc
898 2942 1013 3008 timore
1035 2939 1193 3029 conpulsi,
1239 3022 1241 3026 Ι

87 3026 152 3092 rius
175 3023 356 3093 dominatui
378 3025 460 3092 colla
482 3025 686 3094 submittunt.

140 3110 193 3178 28.
226 3110 377 3192 Hoeetn
403 3123 549 3202 tempore
571 3113 746 3178 Formosus
776 3133 864 3200 papa
891 3108 1152 3198 religiosissimus
1174 3130 1195 3175 a

87 3197 211 3263 omanis
235 3197 445 3265 vehementer
473 3195 689 3280 aflictabatur,
717 3198 810 3263 cuius
839 3206 872 3264 et
897 3195 1028 3262 hortatu
1055 3195 1194 3262 Romam

87 3303 114 3348 m
135 3280 294 3348 Amulius
315 3283 500 3350 advenerat.
542 3283 583 3348 In
605 3282 698 3348 cuius
719 3281 879 3369 ingressu,
901 3279 1088 3353 ulciscendo
1107 3301 1194 3370 pape

87 3367 217 3451 iuriam,
247 3365 365 3435 multos
387 3369 610 3435 Romanorum
635 3367 800 3456 principes
829 3367 961 3435 obviam
989 3365 1051 3434 sibi
1077 3388 1194 3455 prope·

87 3462 162 3521 ntes
184 3451 344 3521 decollare
365 3453 522 3542 precepit

94 3628 174 3662 rumor
191 3620 211 3661 1.
272 3616 297 3670 b)
313 3617 347 3659 bie
361 3627 438 3659 verm
452 3617 508 3659 deut
524 3618 545 3661 8.

108 3733 149 3788 cl.
169 3734 251 3802 Verg.
277 3735 347 3788 Aen.
366 3733 389 3799 1,
416 3734 480 3787 150.
631 3729 661 3798 2)
686 3733 715 3784 in
733 3731 893 3795 Gnosiam,
921 3729 1191 3798 Comtrntinopolim.

116 3808 309 3862 Constantinus
336 3807 376 3862 Μ.
403 3809 569 3877 imperator,
601 3812 712 3859 sanctu
746 3806 871 3860 Helenae
904 3807 1078 3860 Britannicae
1110 3803 1198 3859 lilius.-

105 3882 149 3937 Gi.
171 3883 205 3936 de
223 3883 277 3935 bac
296 3880 718 3945 iabnlslierodct.·1V‚c.184;
739 3881 851 3946 Grimrn,
870 3879 1010 3934 Deutsche
1022 3877 1192 3948 Mytbologn‘e

103 3955 185 4010 1080.
207 3956 288 4009 1081.
403 3953 433 4026 b)
454 3956 495 4010 Os.
515 3953 661 4009 Benedicti
687 3956 782 4009 chron.
802 3972 827 4009 e.
847 3956 897 4006 80:
917 3970 934 4007 a
952 3969 1018 4022 rege
1038 3952 1089 4021 (sc.
1110 3960 1193 4022 capta

87 4032 105 4084 lt
123 4033 221 4086 civitas
239 4029 394 4101 Laouiana)
414 4033 459 4085 cui
476 4045 575 4083 noman
595 4035 654 4082 erat
671 4029 814 4095 Arnnlfus3
839 4030 929 4083 ierunt
945 4042 1063 4096 namque
1083 4027 1156 4094 quod
1175 4042 1193 4078 a

87 4103 130 4159 llis
149 4105 316 4159 caballorum
335 4106 431 4159 fnisset
449 4120 610 4176 appreensa.
687 4104 715 4168 6)
736 4105 820 4170 Quae.
831 4109 989 4172 sequuntur,
1008 4117 1026 4154 a
1045 4100 1192 4156 collectore

87 4181 182 4234 storias
200 4178 358 4248 pontificum
378 4181 560 4234 Romanorum
580 4177 630 4231 sub
648 4176 718 4231 falso
738 4177 908 4247 Lindprandi
928 4177 1037 4230 nominc
1062 4174 1192 4245 vulgatus

100 4253 231 4309 formoso
251 4256 388 4324 exscripta
407 4260 477 4310 sunt.
