<?xml version="1.0" encoding="UTF-8"?>
<!DOCTYPE html PUBLIC "-//W3C//DTD XHTML 1.0 Transitional//EN"
    "http://www.w3.org/TR/xhtml1/DTD/xhtml1-transitional.dtd">
<html xmlns="http://www.w3.org/1999/xhtml" xml:lang="en" lang="en">
 <head>
  <title>
</title>
<meta http-equiv="Content-Type" content="text/html;charset=utf-8" />
  <meta name='ocr-system' content='tesseract 3.04.00' />
  <meta name='ocr-capabilities' content='ocr_page ocr_carea ocr_par ocr_line ocrx_word'/>
</head>
<body>
  <div class='ocr_page' id='page_1' title='image "./operaomnia00liudgoog_0107.png"; bbox 0 0 2932 4718; ppageno 0'>
   <div class='ocr_carea' id='block_1_1' title="bbox 300 227 1290 297">
    <p class='ocr_par' dir='ltr' id='par_1_1' title="bbox 300 227 1290 297">
     <span class='ocr_line' id='line_1_1' title="bbox 300 227 1290 297; baseline 0 -2"><span class='ocrx_word' id='word_1_1' title='bbox 300 240 532 295; x_wconf 74' lang='lat' dir='ltr'>mouentum</span> <span class='ocrx_word' id='word_1_2' title='bbox 552 240 818 297; x_wconf 74' lang='lat' dir='ltr'>mnarooosm.</span> <span class='ocrx_word' id='word_1_3' title='bbox 857 241 932 296; x_wconf 79' lang='lat' dir='ltr'>ais.</span> <span class='ocrx_word' id='word_1_4' title='bbox 952 241 1003 295; x_wconf 77' lang='lat' dir='ltr'>w.</span> <span class='ocrx_word' id='word_1_5' title='bbox 1043 243 1081 296; x_wconf 80' lang='lat' dir='ltr'>t..</span> <span class='ocrx_word' id='word_1_6' title='bbox 1218 242 1253 296; x_wconf 84' lang='grc' dir='ltr'>ιι</span> <span class='ocrx_word' id='word_1_7' title='bbox 1286 227 1290 241; x_wconf 94' lang='grc'><em>’</em></span> 
     </span>
    </p>
   </div>
   <div class='ocr_carea' id='block_1_2' title="bbox 43 410 1420 3151">
    <p class='ocr_par' dir='ltr' id='par_1_2' title="bbox 43 410 1420 3151">
     <span class='ocr_line' id='line_1_2' title="bbox 201 410 1253 501; baseline 0.002 -23"><span class='ocrx_word' id='word_1_8' title='bbox 201 411 245 477; x_wconf 84' lang='grc'>7.·</span> <span class='ocrx_word' id='word_1_9' title='bbox 279 410 430 495; x_wconf 87' lang='lat' dir='ltr'>‘Beatus&#39;,</span> <span class='ocrx_word' id='word_1_10' title='bbox 453 413 569 501; x_wconf 89' lang='lat' dir='ltr'>inquit,</span> <span class='ocrx_word' id='word_1_11' title='bbox 585 413 722 493; x_wconf 63' lang='lat' dir='ltr'>‘Petrus</span> <span class='ocrx_word' id='word_1_12' title='bbox 744 410 1090 478; x_wconf 84' lang='lat' dir='ltr'>Autiocenainstituta</span> <span class='ocrx_word' id='word_1_13' title='bbox 1104 411 1253 496; x_wconf 85' lang='lat' dir='ltr'>aeclesia,</span> 
     </span>
     <span class='ocr_line' id='line_1_3' title="bbox 117 495 1254 584; baseline 0.003 -21"><span class='ocrx_word' id='word_1_14' title='bbox 117 495 158 563; x_wconf 91' lang='lat' dir='ltr'>ad</span> <span class='ocrx_word' id='word_1_15' title='bbox 189 497 370 564; x_wconf 82' lang='lat' dir='ltr'><strong>Romanam</strong></span> <span class='ocrx_word' id='word_1_16' title='bbox 402 497 527 579; x_wconf 87' lang='lat' dir='ltr'>urbem,</span> <span class='ocrx_word' id='word_1_17' title='bbox 583 519 643 564; x_wconf 87' lang='lat' dir='ltr'>uae</span> <span class='ocrx_word' id='word_1_18' title='bbox 675 497 839 584; x_wconf 87' lang='lat' dir='ltr'>potentiae</span> <span class='ocrx_word' id='word_1_19' title='bbox 870 496 1095 584; x_wconf 76' lang='lat' dir='ltr'>magnitudine</span> <span class='ocrx_word' id='word_1_20' title='bbox 1127 499 1254 566; x_wconf 87' lang='lat' dir='ltr'>cunctis</span> 
     </span>
     <span class='ocr_line' id='line_1_4' title="bbox 116 579 1255 671; baseline 0.002 -23"><span class='ocrx_word' id='word_1_21' title='bbox 116 590 193 648; x_wconf 89' lang='lat' dir='ltr'>tunc</span> <span class='ocrx_word' id='word_1_22' title='bbox 225 579 412 649; x_wconf 90' lang='lat' dir='ltr'>nationibus</span> <span class='ocrx_word' id='word_1_23' title='bbox 443 585 532 671; x_wconf 83' lang='lat' dir='ltr'>impe</span> <span class='ocrx_word' id='word_1_24' title='bbox 612 595 634 666; x_wconf 91' lang='lat' dir='ltr'>t,</span> <span class='ocrx_word' id='word_1_25' title='bbox 671 581 880 669; x_wconf 90' lang='lat' dir='ltr'>postmodum</span> <span class='ocrx_word' id='word_1_26' title='bbox 913 581 1133 651; x_wconf 70' lang='lat' dir='ltr'>transvolavit.</span> <span class='ocrx_word' id='word_1_27' title='bbox 1186 582 1255 652; x_wconf 92' lang='lat' dir='ltr'>Ubi</span> 
     </span>
     <span class='ocr_line' id='line_1_5' title="bbox 43 665 1254 767; baseline 0.002 -34"><span class='ocrx_word' id='word_1_28' title='bbox 43 676 46 685; x_wconf 82' lang='grc'><em>“</em></span> <span class='ocrx_word' id='word_1_29' title='bbox 115 689 189 733; x_wconf 88' lang='lat' dir='ltr'>curu</span> <span class='ocrx_word' id='word_1_30' title='bbox 211 667 274 735; x_wconf 90' lang='lat' dir='ltr'>deo</span> <span class='ocrx_word' id='word_1_31' title='bbox 295 665 488 767; x_wconf 79' lang='lat' dir='ltr'>disponente</span> <span class='ocrx_word' id='word_1_32' title='bbox 509 680 654 735; x_wconf 85' lang='lat' dir='ltr'>sanctam</span> <span class='ocrx_word' id='word_1_33' title='bbox 669 678 802 756; x_wconf 85' lang='lat' dir='ltr'>totoque</span> <span class='ocrx_word' id='word_1_34' title='bbox 822 668 922 734; x_wconf 69' lang='lat' dir='ltr'>orbel</span> <span class='ocrx_word' id='word_1_35' title='bbox 944 667 1165 735; x_wconf 80' lang='lat' dir='ltr'>venerandam</span> <span class='ocrx_word' id='word_1_36' title='bbox 1182 667 1254 736; x_wconf 84' lang='lat' dir='ltr'>fun·</span> 
     </span>
     <span class='ocr_line' id='line_1_6' title="bbox 115 751 1253 842; baseline 0.002 -22"><span class='ocrx_word' id='word_1_37' title='bbox 115 751 207 820; x_wconf 88' lang='lat' dir='ltr'>daret</span> <span class='ocrx_word' id='word_1_38' title='bbox 235 751 417 836; x_wconf 75' lang='lat' dir='ltr'>aeclesiam,</span> <span class='ocrx_word' id='word_1_39' title='bbox 451 751 612 842; x_wconf 89' lang='lat' dir='ltr'>discipulo</span> <span class='ocrx_word' id='word_1_40' title='bbox 644 775 705 819; x_wconf 89' lang='lat' dir='ltr'>suo</span> <span class='ocrx_word' id='word_1_41' title='bbox 736 753 831 820; x_wconf 85' lang='lat' dir='ltr'>beato</span> <span class='ocrx_word' id='word_1_42' title='bbox 864 751 1107 842; x_wconf 81' lang='lat' dir='ltr'>euuangelistae</span> <span class='ocrx_word' id='word_1_43' title='bbox 1139 753 1253 822; x_wconf 84' lang='lat' dir='ltr'>Marco</span> 
     </span>
     <span class='ocr_line' id='line_1_7' title="bbox 114 837 1254 924; baseline 0.004 -21"><span class='ocrx_word' id='word_1_44' title='bbox 114 838 294 924; x_wconf 75' lang='lat' dir='ltr'>pristinam,</span> <span class='ocrx_word' id='word_1_45' title='bbox 316 838 531 905; x_wconf 87' lang='lat' dir='ltr'>Antiocenam</span> <span class='ocrx_word' id='word_1_46' title='bbox 553 837 686 920; x_wconf 89' lang='lat' dir='ltr'>scilicet,</span> <span class='ocrx_word' id='word_1_47' title='bbox 714 840 970 921; x_wconf 82' lang='lat' dir='ltr'>commendavit3</span> <span class='ocrx_word' id='word_1_48' title='bbox 1002 841 1048 904; x_wconf 87' lang='lat' dir='ltr'>ita</span> <span class='ocrx_word' id='word_1_49' title='bbox 1068 851 1188 924; x_wconf 90' lang='lat' dir='ltr'>tamen,</span> <span class='ocrx_word' id='word_1_50' title='bbox 1216 851 1254 909; x_wconf 90' lang='lat' dir='ltr'>ut</span> 
     </span>
     <span class='ocr_line' id='line_1_8' title="bbox 112 922 1252 1012; baseline 0.004 -25"><span class='ocrx_word' id='word_1_51' title='bbox 112 922 367 1011; x_wconf 89' lang='lat' dir='ltr'>Aquilegensem</span> <span class='ocrx_word' id='word_1_52' title='bbox 390 925 512 1012; x_wconf 90' lang='lat' dir='ltr'>etipse</span> <span class='ocrx_word' id='word_1_53' title='bbox 535 926 640 1012; x_wconf 88' lang='lat' dir='ltr'>primo</span> <span class='ocrx_word' id='word_1_54' title='bbox 662 925 853 1007; x_wconf 91' lang='lat' dir='ltr'>institueret,</span> <span class='ocrx_word' id='word_1_55' title='bbox 875 934 973 1012; x_wconf 83' lang='lat' dir='ltr'>atque</span> <span class='ocrx_word' id='word_1_56' title='bbox 993 923 1252 992; x_wconf 81' lang='lat' dir='ltr'>Alexandrinam</span> 
     </span>
     <span class='ocr_line' id='line_1_9' title="bbox 114 1008 1251 1099; baseline 0.004 -27"><span class='ocrx_word' id='word_1_57' title='bbox 114 1009 240 1076; x_wconf 79' lang='lat' dir='ltr'>educite</span> <span class='ocrx_word' id='word_1_58' title='bbox 260 1019 393 1097; x_wconf 84' lang='lat' dir='ltr'>peteret</span> <span class='ocrx_word' id='word_1_59' title='bbox 438 1008 536 1093; x_wconf 80' lang='lat' dir='ltr'>Quod</span> <span class='ocrx_word' id='word_1_60' title='bbox 557 1012 604 1078; x_wconf 88' lang='lat' dir='ltr'>ita</span> <span class='ocrx_word' id='word_1_61' title='bbox 625 1020 735 1076; x_wconf 89' lang='lat' dir='ltr'>actum</span> <span class='ocrx_word' id='word_1_62' title='bbox 759 1030 839 1093; x_wconf 89' lang='lat' dir='ltr'>esse,</span> <span class='ocrx_word' id='word_1_63' title='bbox 867 1010 1031 1076; x_wconf 88' lang='lat' dir='ltr'>neminem</span> <span class='ocrx_word' id='word_1_64' title='bbox 1058 1011 1115 1099; x_wconf 92' lang='lat' dir='ltr'>qui</span> <span class='ocrx_word' id='word_1_65' title='bbox 1137 1031 1251 1077; x_wconf 85' lang='lat' dir='ltr'>eorum</span> 
     </span>
     <span class='ocr_line' id='line_1_10' title="bbox 113 1092 1252 1182; baseline 0.005 -24"><span class='ocrx_word' id='word_1_66' title='bbox 113 1104 206 1159; x_wconf 71' lang='lat' dir='ltr'>actius</span> <span class='ocrx_word' id='word_1_67' title='bbox 236 1092 359 1182; x_wconf 84' lang='lat' dir='ltr'>legerit,</span> <span class='ocrx_word' id='word_1_68' title='bbox 399 1117 466 1162; x_wconf 93' lang='lat' dir='ltr'>uon</span> <span class='ocrx_word' id='word_1_69' title='bbox 498 1097 624 1164; x_wconf 85' lang='lat' dir='ltr'>nescire</span> <span class='ocrx_word' id='word_1_70' title='bbox 657 1096 923 1182; x_wconf 73' lang='lat' dir='ltr'>cognoscimus&#39;t</span> <span class='ocrx_word' id='word_1_71' title='bbox 979 1093 1046 1163; x_wconf 87' lang='lat' dir='ltr'>Sed</span> <span class='ocrx_word' id='word_1_72' title='bbox 1079 1104 1123 1180; x_wconf 89' lang='lat' dir='ltr'>ut,</span> <span class='ocrx_word' id='word_1_73' title='bbox 1155 1096 1252 1164; x_wconf 86' lang='lat' dir='ltr'>nobis</span> 
     </span>
     <span class='ocr_line' id='line_1_11' title="bbox 112 1178 1251 1268; baseline 0.005 -24"><span class='ocrx_word' id='word_1_74' title='bbox 112 1178 394 1266; x_wconf 77' lang='lat' dir='ltr'>respondentibus,</span> <span class='ocrx_word' id='word_1_75' title='bbox 425 1184 443 1248; x_wconf 84' lang='lat'>6</span> <span class='ocrx_word' id='word_1_76' title='bbox 465 1180 641 1264; x_wconf 86' lang='lat' dir='ltr'>Manasses,</span> <span class='ocrx_word' id='word_1_77' title='bbox 674 1202 752 1248; x_wconf 84' lang='lat' dir='ltr'>vera</span> <span class='ocrx_word' id='word_1_78' title='bbox 778 1192 810 1247; x_wconf 89' lang='lat' dir='ltr'>te</span> <span class='ocrx_word' id='word_1_79' title='bbox 840 1202 939 1268; x_wconf 83' lang='lat' dir='ltr'>super</span> <span class='ocrx_word' id='word_1_80' title='bbox 966 1180 1016 1247; x_wconf 86' lang='lat' dir='ltr'>his</span> <span class='ocrx_word' id='word_1_81' title='bbox 1046 1203 1112 1248; x_wconf 92' lang='lat' dir='ltr'>nou</span> <span class='ocrx_word' id='word_1_82' title='bbox 1132 1182 1251 1250; x_wconf 86' lang='lat' dir='ltr'>sentire</span> 
     </span>
     <span class='ocr_line' id='line_1_12' title="bbox 111 1263 1397 1420; baseline 0.004 -4"><span class='ocrx_word' id='word_1_83' title='bbox 111 1263 784 1418; x_wconf 49' lang='lat' dir='ltr'>lldtlhlnlmifflillhllmligim</span> <span class='ocrx_word' id='word_1_84' title='bbox 809 1265 1397 1420; x_wconf 49' lang='lat' dir='ltr'>gppppogpgpppem</span> 
     </span>
     <span class='ocr_line' id='line_1_13' title="bbox 113 1372 1250 1524; baseline 0.005 -25"><span class='ocrx_word' id='word_1_85' title='bbox 113 1431 246 1518; x_wconf 91' lang='lat' dir='ltr'>domini,</span> <span class='ocrx_word' id='word_1_86' title='bbox 278 1373 537 1524; x_wconf 45' lang='lat' dir='ltr'>intedpfde&#39;tatura</span> <span class='ocrx_word' id='word_1_87' title='bbox 596 1373 686 1518; x_wconf 79' lang='lat' dir='ltr'>Quid</span> <span class='ocrx_word' id='word_1_88' title='bbox 715 1372 813 1503; x_wconf 62' lang='lat' dir='ltr'>pepeim</span> <span class='ocrx_word' id='word_1_89' title='bbox 856 1438 968 1503; x_wconf 83' lang='lat' dir='ltr'>verius</span> <span class='ocrx_word' id='word_1_90' title='bbox 996 1402 1067 1502; x_wconf 66' lang='lat' dir='ltr'>&#39;aut</span> <span class='ocrx_word' id='word_1_91' title='bbox 1106 1459 1127 1502; x_wconf 88' lang='lat' dir='ltr'>a</span> <span class='ocrx_word' id='word_1_92' title='bbox 1150 1438 1250 1505; x_wconf 85' lang='lat' dir='ltr'>entius</span> 
     </span>
     <span class='ocr_line' id='line_1_14' title="bbox 112 1520 1250 1609; baseline 0.005 -25"><span class='ocrx_word' id='word_1_93' title='bbox 112 1530 283 1606; x_wconf 71' lang='lat' dir='ltr'>parentes‘</span> <span class='ocrx_word' id='word_1_94' title='bbox 315 1521 362 1586; x_wconf 88' lang='lat' dir='ltr'>tui</span> <span class='ocrx_word' id='word_1_95' title='bbox 394 1520 457 1587; x_wconf 88' lang='lat' dir='ltr'>hoc</span> <span class='ocrx_word' id='word_1_96' title='bbox 489 1523 621 1588; x_wconf 91' lang='lat' dir='ltr'>uomiue</span> <span class='ocrx_word' id='word_1_97' title='bbox 656 1522 832 1587; x_wconf 82' lang='lat' dir='ltr'>vaticinare</span> <span class='ocrx_word' id='word_1_98' title='bbox 869 1521 1068 1609; x_wconf 79' lang='lat' dir='ltr'>potueruut?</span> <span class='ocrx_word' id='word_1_99' title='bbox 1128 1533 1171 1605; x_wconf 85' lang='lat' dir='ltr'>ta,</span> <span class='ocrx_word' id='word_1_100' title='bbox 1203 1524 1250 1590; x_wconf 92' lang='lat' dir='ltr'>in·</span> 
     </span>
     <span class='ocr_line' id='line_1_15' title="bbox 114 1604 1339 1707; baseline 0.005 -37"><span class='ocrx_word' id='word_1_101' title='bbox 114 1625 221 1690; x_wconf 89' lang='lat' dir='ltr'>quam,</span> <span class='ocrx_word' id='word_1_102' title='bbox 255 1628 290 1672; x_wconf 90' lang='lat' dir='ltr'>es</span> <span class='ocrx_word' id='word_1_103' title='bbox 312 1604 431 1673; x_wconf 91' lang='lat' dir='ltr'>oblitus</span> <span class='ocrx_word' id='word_1_104' title='bbox 452 1608 509 1691; x_wconf 90' lang='lat' dir='ltr'>toi,</span> <span class='ocrx_word' id='word_1_105' title='bbox 542 1616 580 1673; x_wconf 92' lang='lat' dir='ltr'>ut</span> <span class='ocrx_word' id='word_1_106' title='bbox 600 1629 661 1673; x_wconf 88' lang='lat' dir='ltr'>nee</span> <span class='ocrx_word' id='word_1_107' title='bbox 676 1606 840 1673; x_wconf 90' lang='lat' dir='ltr'>homiuem</span> <span class='ocrx_word' id='word_1_108' title='bbox 866 1605 1000 1707; x_wconf 76' lang='lat' dir='ltr'>quidem</span> <span class='ocrx_word' id='word_1_109' title='bbox 1019 1619 1052 1674; x_wconf 86' lang='lat' dir='ltr'>te</span> <span class='ocrx_word' id='word_1_110' title='bbox 1072 1629 1142 1675; x_wconf 90' lang='lat' dir='ltr'>esse</span> <span class='ocrx_word' id='word_1_111' title='bbox 1156 1611 1250 1676; x_wconf 92' lang='lat' dir='ltr'>remi·</span> <span class='ocrx_word' id='word_1_112' title='bbox 1336 1669 1339 1676; x_wconf 89' lang='lat'>.</span> 
     </span>
     <span class='ocr_line' id='line_1_16' title="bbox 112 1689 1238 1782; baseline 0.005 -28"><span class='ocrx_word' id='word_1_113' title='bbox 112 1689 248 1756; x_wconf 88' lang='lat' dir='ltr'>niscare.</span> <span class='ocrx_word' id='word_1_114' title='bbox 291 1690 453 1758; x_wconf 89' lang='lat' dir='ltr'>Diabolus</span> <span class='ocrx_word' id='word_1_115' title='bbox 475 1693 597 1781; x_wconf 89' lang='lat' dir='ltr'>quippe</span> <span class='ocrx_word' id='word_1_116' title='bbox 620 1696 796 1780; x_wconf 70' lang='lat' dir='ltr'>scripturas</span> <span class='ocrx_word' id='word_1_117' title='bbox 815 1702 917 1776; x_wconf 80' lang='lat' dir='ltr'>novit,</span> <span class='ocrx_word' id='word_1_118' title='bbox 940 1704 973 1760; x_wconf 89' lang='lat' dir='ltr'>et</span> <span class='ocrx_word' id='word_1_119' title='bbox 986 1704 1105 1776; x_wconf 89' lang='lat' dir='ltr'>tamen,</span> <span class='ocrx_word' id='word_1_120' title='bbox 1127 1702 1164 1759; x_wconf 91' lang='lat' dir='ltr'>ut</span> <span class='ocrx_word' id='word_1_121' title='bbox 1178 1715 1238 1782; x_wconf 88' lang='lat' dir='ltr'>per</span> 
     </span>
     <span class='ocr_line' id='line_1_17' title="bbox 113 1777 1249 1865; baseline 0.007 -26"><span class='ocrx_word' id='word_1_122' title='bbox 113 1795 236 1858; x_wconf 88' lang='lat' dir='ltr'>versus,</span> <span class='ocrx_word' id='word_1_123' title='bbox 268 1798 420 1864; x_wconf 87' lang='lat' dir='ltr'>perverse</span> <span class='ocrx_word' id='word_1_124' title='bbox 452 1800 507 1845; x_wconf 90' lang='lat' dir='ltr'>eas</span> <span class='ocrx_word' id='word_1_125' title='bbox 543 1779 781 1865; x_wconf 82' lang='lat' dir='ltr'>interpretatur,</span> <span class='ocrx_word' id='word_1_126' title='bbox 819 1789 952 1844; x_wconf 87' lang='lat' dir='ltr'>etcum</span> <span class='ocrx_word' id='word_1_127' title='bbox 985 1777 1037 1843; x_wconf 90' lang='lat' dir='ltr'>his</span> <span class='ocrx_word' id='word_1_128' title='bbox 1065 1779 1174 1858; x_wconf 89' lang='lat' dir='ltr'>utitur,</span> <span class='ocrx_word' id='word_1_129' title='bbox 1206 1777 1249 1846; x_wconf 86' lang='lat' dir='ltr'>ad</span> 
     </span>
     <span class='ocr_line' id='line_1_18' title="bbox 112 1861 1248 1961; baseline 0.005 -36"><span class='ocrx_word' id='word_1_130' title='bbox 112 1861 293 1961; x_wconf 88' lang='lat' dir='ltr'>pernitiem,</span> <span class='ocrx_word' id='word_1_131' title='bbox 315 1882 381 1928; x_wconf 93' lang='lat' dir='ltr'>uon</span> <span class='ocrx_word' id='word_1_132' title='bbox 395 1863 438 1929; x_wconf 87' lang='lat' dir='ltr'>ad</span> <span class='ocrx_word' id='word_1_133' title='bbox 453 1863 599 1930; x_wconf 88' lang='lat' dir='ltr'>salutem.</span> <span class='ocrx_word' id='word_1_134' title='bbox 644 1862 768 1948; x_wconf 88' lang='lat' dir='ltr'>Scisue,</span> <span class='ocrx_word' id='word_1_135' title='bbox 790 1861 888 1947; x_wconf 86' lang='lat' dir='ltr'>huno,</span> <span class='ocrx_word' id='word_1_136' title='bbox 912 1884 985 1929; x_wconf 76' lang='lat' dir='ltr'>curm</span> <span class='ocrx_word' id='word_1_137' title='bbox 999 1866 1248 1953; x_wconf 86' lang='lat' dir='ltr'>temptationum</span> 
     </span>
     <span class='ocr_line' id='line_1_19' title="bbox 111 1943 1249 2037; baseline 0.006 -26"><span class='ocrx_word' id='word_1_138' title='bbox 111 1943 225 2011; x_wconf 80' lang='lat' dir='ltr'>iaculis</span> <span class='ocrx_word' id='word_1_139' title='bbox 253 1946 421 2013; x_wconf 92' lang='lat' dir='ltr'>domiuum</span> <span class='ocrx_word' id='word_1_140' title='bbox 448 1961 480 2016; x_wconf 90' lang='lat' dir='ltr'>et</span> <span class='ocrx_word' id='word_1_141' title='bbox 507 1948 744 2037; x_wconf 80' lang='lat' dir='ltr'>redemptorem</span> <span class='ocrx_word' id='word_1_142' title='bbox 770 1959 917 2016; x_wconf 88' lang='lat' dir='ltr'>nostrum</span> <span class='ocrx_word' id='word_1_143' title='bbox 942 1949 1054 2016; x_wconf 90' lang='lat' dir='ltr'>Iesum</span> <span class='ocrx_word' id='word_1_144' title='bbox 1082 1948 1249 2017; x_wconf 77' lang='lat' dir='ltr'>Christum</span> 
     </span>
     <span class='ocr_line' id='line_1_20' title="bbox 111 2031 1364 2122; baseline 0.007 -28"><span class='ocrx_word' id='word_1_145' title='bbox 111 2051 194 2096; x_wconf 88' lang='lat' dir='ltr'>ausu</span> <span class='ocrx_word' id='word_1_146' title='bbox 215 2031 338 2099; x_wconf 86' lang='lat' dir='ltr'>nefario</span> <span class='ocrx_word' id='word_1_147' title='bbox 362 2035 502 2100; x_wconf 80' lang='lat' dir='ltr'>sautiare</span> <span class='ocrx_word' id='word_1_148' title='bbox 524 2037 719 2119; x_wconf 64' lang='lat' dir='ltr'>&#39;conaretnn</span> <span class='ocrx_word' id='word_1_149' title='bbox 747 2032 796 2100; x_wconf 90' lang='lat' dir='ltr'>his</span> <span class='ocrx_word' id='word_1_150' title='bbox 822 2032 1019 2122; x_wconf 78' lang='lat' dir='ltr'>propheticis</span> <span class='ocrx_word' id='word_1_151' title='bbox 1040 2033 1125 2101; x_wconf 91' lang='lat' dir='ltr'>male</span> <span class='ocrx_word' id='word_1_152' title='bbox 1152 2037 1364 2103; x_wconf 60' lang='lat' dir='ltr'>usum-⁸¹⁷·</span> 
     </span>
     <span class='ocr_line' id='line_1_21' title="bbox 110 2101 1417 2209; baseline 0.006 -28"><span class='ocrx_word' id='word_1_153' title='bbox 110 2116 257 2183; x_wconf 76' lang='lat' dir='ltr'>verbislz</span> <span class='ocrx_word' id='word_1_154' title='bbox 291 2117 466 2200; x_wconf 78' lang='lat' dir='ltr'>‘Quoniam</span> <span class='ocrx_word' id='word_1_155' title='bbox 488 2118 611 2209; x_wconf 84' lang='lat' dir='ltr'>angelis</span> <span class='ocrx_word' id='word_1_156' title='bbox 634 2121 702 2186; x_wconf 88' lang='lat' dir='ltr'>suis</span> <span class='ocrx_word' id='word_1_157' title='bbox 722 2117 891 2186; x_wconf 83' lang='lat' dir='ltr'>mandavit</span> <span class='ocrx_word' id='word_1_158' title='bbox 911 2118 952 2186; x_wconf 93' lang='lat' dir='ltr'>de</span> <span class='ocrx_word' id='word_1_159' title='bbox 973 2130 1015 2205; x_wconf 90' lang='lat' dir='ltr'>te,</span> <span class='ocrx_word' id='word_1_160' title='bbox 1037 2121 1125 2187; x_wconf 89' lang='lat' dir='ltr'>etin</span> <span class='ocrx_word' id='word_1_161' title='bbox 1146 2101 1417 2188; x_wconf 47' lang='lat' dir='ltr'>mani-Min·</span> 
     </span>
     <span class='ocr_line' id='line_1_22' title="bbox 110 2197 1248 2306; baseline 0.006 -40"><span class='ocrx_word' id='word_1_162' title='bbox 110 2197 172 2267; x_wconf 88' lang='lat' dir='ltr'>bus</span> <span class='ocrx_word' id='word_1_163' title='bbox 194 2199 308 2269; x_wconf 91' lang='lat' dir='ltr'>tollent</span> <span class='ocrx_word' id='word_1_164' title='bbox 327 2215 369 2288; x_wconf 89' lang='lat' dir='ltr'>te,</span> <span class='ocrx_word' id='word_1_165' title='bbox 391 2227 432 2271; x_wconf 93' lang='lat' dir='ltr'>ne</span> <span class='ocrx_word' id='word_1_166' title='bbox 446 2227 604 2306; x_wconf 86' lang='lat' dir='ltr'>umquam</span> <span class='ocrx_word' id='word_1_167' title='bbox 619 2205 764 2273; x_wconf 80' lang='lat' dir='ltr'>offendas</span> <span class='ocrx_word' id='word_1_168' title='bbox 778 2203 821 2272; x_wconf 87' lang='lat' dir='ltr'>ad</span> <span class='ocrx_word' id='word_1_169' title='bbox 835 2203 978 2292; x_wconf 89' lang='lat' dir='ltr'>lapidem</span> <span class='ocrx_word' id='word_1_170' title='bbox 992 2203 1110 2293; x_wconf 91' lang='lat' dir='ltr'>pedem</span> <span class='ocrx_word' id='word_1_171' title='bbox 1124 2204 1248 2273; x_wconf 75' lang='lat' dir='ltr'>tnum’?</span> 
     </span>
     <span class='ocr_line' id='line_1_23' title="bbox 110 2284 1247 2374; baseline 0.004 -22"><span class='ocrx_word' id='word_1_172' title='bbox 110 2284 184 2352; x_wconf 88' lang='lat' dir='ltr'>Hoc</span> <span class='ocrx_word' id='word_1_173' title='bbox 206 2309 284 2355; x_wconf 89' lang='lat' dir='ltr'>sane</span> <span class='ocrx_word' id='word_1_174' title='bbox 304 2289 352 2356; x_wconf 88' lang='lat' dir='ltr'>ita</span> <span class='ocrx_word' id='word_1_175' title='bbox 372 2312 442 2356; x_wconf 88' lang='lat' dir='ltr'>esse</span> <span class='ocrx_word' id='word_1_176' title='bbox 463 2312 528 2357; x_wconf 88' lang='lat' dir='ltr'>sen</span> <span class='ocrx_word' id='word_1_177' title='bbox 551 2301 621 2357; x_wconf 92' lang='lat' dir='ltr'>tum</span> <span class='ocrx_word' id='word_1_178' title='bbox 641 2313 681 2356; x_wconf 88' lang='lat' dir='ltr'>ac</span> <span class='ocrx_word' id='word_1_179' title='bbox 702 2288 744 2357; x_wconf 92' lang='lat' dir='ltr'>de</span> <span class='ocrx_word' id='word_1_180' title='bbox 766 2313 805 2357; x_wconf 96' lang='lat' dir='ltr'>eo</span> <span class='ocrx_word' id='word_1_181' title='bbox 820 2290 953 2374; x_wconf 77' lang='lat' dir='ltr'>dicum,</span> <span class='ocrx_word' id='word_1_182' title='bbox 974 2289 1084 2357; x_wconf 87' lang='lat' dir='ltr'>nullus</span> <span class='ocrx_word' id='word_1_183' title='bbox 1101 2289 1247 2359; x_wconf 85' lang='lat' dir='ltr'>fidelium</span> 
     </span>
     <span class='ocr_line' id='line_1_24' title="bbox 109 2370 1248 2463; baseline 0.006 -26"><span class='ocrx_word' id='word_1_184' title='bbox 109 2370 257 2460; x_wconf 82' lang='lat' dir='ltr'>ambigit</span> <span class='ocrx_word' id='word_1_185' title='bbox 302 2374 369 2442; x_wconf 90' lang='lat' dir='ltr'>Sed</span> <span class='ocrx_word' id='word_1_186' title='bbox 398 2397 497 2463; x_wconf 89' lang='lat' dir='ltr'>quam</span> <span class='ocrx_word' id='word_1_187' title='bbox 573 2375 744 2443; x_wconf 89' lang='lat' dir='ltr'>udulenter</span> <span class='ocrx_word' id='word_1_188' title='bbox 768 2397 849 2442; x_wconf 85' lang='lat' dir='ltr'>vera</span> <span class='ocrx_word' id='word_1_189' title='bbox 876 2375 957 2442; x_wconf 83' lang='lat' dir='ltr'>haec</span> <span class='ocrx_word' id='word_1_190' title='bbox 985 2375 1166 2442; x_wconf 88' lang='lat' dir='ltr'>Leviathau</span> <span class='ocrx_word' id='word_1_191' title='bbox 1195 2375 1248 2445; x_wconf 91' lang='lat' dir='ltr'>ille</span> 
     </span>
     <span class='ocr_line' id='line_1_25' title="bbox 109 2456 1249 2550; baseline 0.005 -28"><span class='ocrx_word' id='word_1_192' title='bbox 109 2456 277 2544; x_wconf 84' lang='lat' dir='ltr'>proferret,</span> <span class='ocrx_word' id='word_1_193' title='bbox 299 2460 412 2548; x_wconf 82' lang='lat' dir='ltr'>ipsius,</span> <span class='ocrx_word' id='word_1_194' title='bbox 435 2462 492 2550; x_wconf 91' lang='lat' dir='ltr'>qui</span> <span class='ocrx_word' id='word_1_195' title='bbox 513 2484 580 2528; x_wconf 93' lang='lat' dir='ltr'>uon</span> <span class='ocrx_word' id='word_1_196' title='bbox 601 2461 706 2528; x_wconf 89' lang='lat' dir='ltr'>solum</span> <span class='ocrx_word' id='word_1_197' title='bbox 729 2459 913 2528; x_wconf 83' lang='lat' dir='ltr'>mortalium</span> <span class='ocrx_word' id='word_1_198' title='bbox 935 2459 993 2527; x_wconf 89' lang='lat' dir='ltr'>sed</span> <span class='ocrx_word' id='word_1_199' title='bbox 1008 2471 1042 2528; x_wconf 90' lang='lat' dir='ltr'>et</span> <span class='ocrx_word' id='word_1_200' title='bbox 1058 2460 1249 2550; x_wconf 82' lang='lat' dir='ltr'>angelorum</span> 
     </span>
     <span class='ocr_line' id='line_1_26' title="bbox 109 2545 1408 2645; baseline 0.007 -36"><span class='ocrx_word' id='word_1_201' title='bbox 109 2564 224 2609; x_wconf 88' lang='lat' dir='ltr'>sensus</span> <span class='ocrx_word' id='word_1_202' title='bbox 256 2556 425 2645; x_wconf 80' lang='lat' dir='ltr'>exuperat,</span> <span class='ocrx_word' id='word_1_203' title='bbox 457 2549 670 2637; x_wconf 89' lang='lat' dir='ltr'>responsione</span> <span class='ocrx_word' id='word_1_204' title='bbox 702 2545 961 2614; x_wconf 80' lang='lat' dir='ltr'>animadvertere</span> <span class='ocrx_word' id='word_1_205' title='bbox 986 2547 1121 2634; x_wconf 88' lang='lat' dir='ltr'>poteris:</span> <span class='ocrx_word' id='word_1_206' title='bbox 1160 2545 1316 2618; x_wconf 63' lang='lat' dir='ltr'>*Nonum</span> <span class='ocrx_word' id='word_1_207' title='bbox 1331 2573 1354 2628; x_wconf 79' lang='grc' dir='ltr'>ι,</span> <span class='ocrx_word' id='word_1_208' title='bbox 1371 2574 1408 2618; x_wconf 78' lang='lat' dir='ltr'>aa</span> 
     </span>
     <span class='ocr_line' id='line_1_27' title="bbox 110 2626 1247 2720; baseline 0.005 -27"><span class='ocrx_word' id='word_1_209' title='bbox 110 2626 294 2717; x_wconf 89' lang='lat' dir='ltr'>temptabis,</span> <span class='ocrx_word' id='word_1_210' title='bbox 315 2633 409 2720; x_wconf 80' lang='lat' dir='ltr'>tuqui</span> <span class='ocrx_word' id='word_1_211' title='bbox 455 2631 623 2699; x_wconf 91' lang='lat' dir='ltr'>domiuum</span> <span class='ocrx_word' id='word_1_212' title='bbox 646 2632 745 2700; x_wconf 89' lang='lat' dir='ltr'>deum</span> <span class='ocrx_word' id='word_1_213' title='bbox 767 2630 878 2700; x_wconf 89' lang='lat' dir='ltr'>tuum&#39;.</span> <span class='ocrx_word' id='word_1_214' title='bbox 921 2630 1023 2699; x_wconf 86' lang='lat' dir='ltr'>Vides</span> <span class='ocrx_word' id='word_1_215' title='bbox 1038 2633 1141 2720; x_wconf 84' lang='lat' dir='ltr'>igitur</span> <span class='ocrx_word' id='word_1_216' title='bbox 1155 2641 1188 2700; x_wconf 91' lang='lat' dir='ltr'>et</span> <span class='ocrx_word' id='word_1_217' title='bbox 1201 2641 1247 2710; x_wconf 89' lang='lat' dir='ltr'>tu,</span> 
     </span>
     <span class='ocr_line' id='line_1_28' title="bbox 110 2715 1249 2806; baseline 0.004 -28"><span class='ocrx_word' id='word_1_218' title='bbox 110 2715 194 2780; x_wconf 86' lang='lat' dir='ltr'>veris</span> <span class='ocrx_word' id='word_1_219' title='bbox 221 2715 354 2804; x_wconf 91' lang='lat' dir='ltr'>quidem</span> <span class='ocrx_word' id='word_1_220' title='bbox 382 2740 398 2782; x_wconf 91' lang='lat' dir='ltr'>s</span> <span class='ocrx_word' id='word_1_221' title='bbox 460 2715 719 2785; x_wconf 87' lang='lat' dir='ltr'>fraudulentibus</span> <span class='ocrx_word' id='word_1_222' title='bbox 741 2715 975 2784; x_wconf 86' lang='lat' dir='ltr'>assertionibus</span> <span class='ocrx_word' id='word_1_223' title='bbox 997 2718 1111 2802; x_wconf 85' lang='lat' dir='ltr'>uteris3</span> <span class='ocrx_word' id='word_1_224' title='bbox 1138 2740 1249 2806; x_wconf 90' lang='lat' dir='ltr'>quem·</span> 
     </span>
     <span class='ocr_line' id='line_1_29' title="bbox 109 2798 1248 2891; baseline 0.005 -27"><span class='ocrx_word' id='word_1_225' title='bbox 109 2798 287 2866; x_wconf 89' lang='lat' dir='ltr'>admodum</span> <span class='ocrx_word' id='word_1_226' title='bbox 310 2812 343 2868; x_wconf 89' lang='lat' dir='ltr'>et</span> <span class='ocrx_word' id='word_1_227' title='bbox 363 2813 512 2891; x_wconf 89' lang='lat' dir='ltr'>apostata</span> <span class='ocrx_word' id='word_1_228' title='bbox 532 2803 680 2871; x_wconf 88' lang='lat' dir='ltr'>Iulianus</span> <span class='ocrx_word' id='word_1_229' title='bbox 704 2802 911 2891; x_wconf 81' lang='lat' dir='ltr'>respondisse</span> <span class='ocrx_word' id='word_1_230' title='bbox 935 2802 1055 2870; x_wconf 89' lang='lat' dir='ltr'>dicitur</span> <span class='ocrx_word' id='word_1_231' title='bbox 1078 2803 1248 2888; x_wconf 73' lang='lat' dir='ltr'>crisfiauis,</span> 
     </span>
     <span class='ocr_line' id='line_1_30' title="bbox 111 2885 1247 3018; baseline 0.006 -69"><span class='ocrx_word' id='word_1_232' title='bbox 111 2906 191 2971; x_wconf 85' lang='lat' dir='ltr'>quos</span> <span class='ocrx_word' id='word_1_233' title='bbox 223 2885 379 2954; x_wconf 86' lang='lat' dir='ltr'>aviditate</span> <span class='ocrx_word' id='word_1_234' title='bbox 404 2889 538 2976; x_wconf 82' lang='lat' dir='ltr'>rapinae</span> <span class='ocrx_word' id='word_1_235' title='bbox 569 2911 671 2956; x_wconf 91' lang='lat' dir='ltr'>censu</span> <span class='ocrx_word' id='word_1_236' title='bbox 687 2890 829 3018; x_wconf 80' lang='lat' dir='ltr'>proprio</span> <span class='ocrx_word' id='word_1_237' title='bbox 859 2887 1090 2955; x_wconf 77' lang='lat' dir='ltr'>defraudavitt&#39;</span> <span class='ocrx_word' id='word_1_238' title='bbox 1120 2887 1247 2972; x_wconf 66' lang='lat' dir='ltr'>‘Nolite</span> 
     </span>
     <span class='ocr_line' id='line_1_31' title="bbox 109 2969 1414 3063; baseline 0.006 -29"><span class='ocrx_word' id='word_1_239' title='bbox 109 2969 180 3036; x_wconf 90' lang='lat' dir='ltr'>infit</span> <span class='ocrx_word' id='word_1_240' title='bbox 200 2972 355 3058; x_wconf 80' lang='lat' dir='ltr'>magister</span> <span class='ocrx_word' id='word_1_241' title='bbox 376 2985 492 3059; x_wconf 87' lang='lat' dir='ltr'>vester,</span> <span class='ocrx_word' id='word_1_242' title='bbox 513 2973 682 3062; x_wconf 86' lang='lat' dir='ltr'>possidere</span> <span class='ocrx_word' id='word_1_243' title='bbox 724 2996 839 3039; x_wconf 89' lang='lat' dir='ltr'>aurum</span> <span class='ocrx_word' id='word_1_244' title='bbox 859 2995 966 3063; x_wconf 91' lang='lat' dir='ltr'>neque</span> <span class='ocrx_word' id='word_1_245' title='bbox 979 2975 1171 3062; x_wconf 82' lang='lat' dir='ltr'>argentum&#39;.</span> <span class='ocrx_word' id='word_1_246' title='bbox 1204 2973 1249 3040; x_wconf 83' lang='lat' dir='ltr'>Et</span> <span class='ocrx_word' id='word_1_247' title='bbox 1257 2985 1414 3042; x_wconf 58' lang='lat' dir='ltr'>wlat-</span> 
     </span>
     <span class='ocr_line' id='line_1_32' title="bbox 110 3052 1420 3151; baseline 0.007 -33"><span class='ocrx_word' id='word_1_248' title='bbox 110 3052 204 3121; x_wconf 86' lang='lat' dir='ltr'>illud:</span> <span class='ocrx_word' id='word_1_249' title='bbox 227 3059 455 3149; x_wconf 65' lang='grc' dir='ltr'>ιειικοπιίνσερον</span> <span class='ocrx_word' id='word_1_250' title='bbox 474 3083 535 3151; x_wconf 67' lang='grc' dir='ltr'>γαρ</span> <span class='ocrx_word' id='word_1_251' title='bbox 558 3080 651 3142; x_wconf 83' lang='grc' dir='ltr'><strong>εστην</strong></span> <span class='ocrx_word' id='word_1_252' title='bbox 666 3065 809 3141; x_wconf 75' lang='lat' dir='ltr'>sepulcr</span> <span class='ocrx_word' id='word_1_253' title='bbox 831 3063 886 3126; x_wconf 83' lang='grc' dir='ltr'>δια</span> <span class='ocrx_word' id='word_1_254' title='bbox 907 3063 1085 3149; x_wconf 63' lang='lat' dir='ltr'>conpellar</span> <span class='ocrx_word' id='word_1_255' title='bbox 1107 3061 1246 3147; x_wconf 78' lang='grc' dir='ltr'><strong>ραφίδος</strong></span> <span class='ocrx_word' id='word_1_256' title='bbox 1416 3071 1420 3080; x_wconf 86' lang='grc'><strong>’</strong></span> 
     </span>
    </p>
   </div>
   <div class='ocr_carea' id='block_1_3' title="bbox 108 3143 1412 3587">
    <p class='ocr_par' dir='ltr' id='par_1_3' title="bbox 108 3143 1412 3587">
     <span class='ocr_line' id='line_1_33' title="bbox 109 3143 1246 3295; baseline 0.004 -89"><span class='ocrx_word' id='word_1_257' title='bbox 109 3143 260 3220; x_wconf 65' lang='lat' dir='ltr'>ametiste</span> <span class='ocrx_word' id='word_1_258' title='bbox 280 3166 300 3225; x_wconf 92' lang='grc' dir='ltr'>η</span> <span class='ocrx_word' id='word_1_259' title='bbox 323 3151 476 3213; x_wconf 74' lang='grc' dir='ltr'>πλουσιον</span> <span class='ocrx_word' id='word_1_260' title='bbox 501 3168 546 3225; x_wconf 82' lang='grc' dir='ltr'>εις</span> <span class='ocrx_word' id='word_1_261' title='bbox 567 3169 625 3228; x_wconf 84' lang='grc' dir='ltr'>την</span> <span class='ocrx_word' id='word_1_262' title='bbox 644 3150 812 3295; x_wconf 70' lang='lat' dir='ltr'>prestetur</span> <span class='ocrx_word' id='word_1_263' title='bbox 833 3150 890 3212; x_wconf 81' lang='grc' dir='ltr'>τοῦ</span> <span class='ocrx_word' id='word_1_264' title='bbox 912 3149 1004 3229; x_wconf 75' lang='grc' dir='ltr'><strong>θεοῦ,</strong></span> <span class='ocrx_word' id='word_1_265' title='bbox 1026 3155 1246 3234; x_wconf 81' lang='lat' dir='ltr'>eucopoteron</span> 
     </span>
     <span class='ocr_line' id='line_1_34' title="bbox 110 3227 1412 3319; baseline 0.005 -28"><span class='ocrx_word' id='word_1_266' title='bbox 110 3247 170 3312; x_wconf 83' lang='lat' dir='ltr'>gar</span> <span class='ocrx_word' id='word_1_267' title='bbox 191 3228 275 3292; x_wconf 89' lang='lat' dir='ltr'>estin</span> <span class='ocrx_word' id='word_1_268' title='bbox 302 3227 440 3295; x_wconf 89' lang='lat' dir='ltr'>camilon</span> <span class='ocrx_word' id='word_1_269' title='bbox 466 3230 522 3296; x_wconf 90' lang='lat' dir='ltr'>dia</span> <span class='ocrx_word' id='word_1_270' title='bbox 547 3233 645 3296; x_wconf 88' lang='lat' dir='ltr'>trima</span> <span class='ocrx_word' id='word_1_271' title='bbox 656 3231 704 3296; x_wconf 86' lang='lat' dir='ltr'>ias</span> <span class='ocrx_word' id='word_1_272' title='bbox 730 3229 851 3295; x_wconf 87' lang='lat' dir='ltr'>rafidos</span> <span class='ocrx_word' id='word_1_273' title='bbox 876 3228 1005 3296; x_wconf 86' lang='lat' dir='ltr'>iselthin</span> <span class='ocrx_word' id='word_1_274' title='bbox 1026 3232 1038 3295; x_wconf 93' lang='lat' dir='ltr'>i</span> <span class='ocrx_word' id='word_1_275' title='bbox 1059 3228 1189 3319; x_wconf 76' lang='lat' dir='ltr'>plusion</span> <span class='ocrx_word' id='word_1_276' title='bbox 1215 3231 1412 3307; x_wconf 64' lang='lat' dir='ltr'>insensato.</span> 
     </span>
     <span class='ocr_line' id='line_1_35' title="bbox 108 3310 1409 3405; baseline 0.007 -28"><span class='ocrx_word' id='word_1_277' title='bbox 108 3312 156 3376; x_wconf 91' lang='lat' dir='ltr'>tin</span> <span class='ocrx_word' id='word_1_278' title='bbox 177 3310 317 3378; x_wconf 88' lang='lat' dir='ltr'>basilian</span> <span class='ocrx_word' id='word_1_279' title='bbox 337 3323 374 3379; x_wconf 91' lang='lat' dir='ltr'>tu</span> <span class='ocrx_word' id='word_1_280' title='bbox 396 3315 492 3400; x_wconf 87' lang='lat' dir='ltr'>theu&#39;,</span> <span class='ocrx_word' id='word_1_281' title='bbox 523 3314 612 3405; x_wconf 92' lang='lat' dir='ltr'>quod</span> <span class='ocrx_word' id='word_1_282' title='bbox 637 3326 705 3382; x_wconf 81' lang='lat' dir='ltr'>est:¹</span> <span class='ocrx_word' id='word_1_283' title='bbox 743 3313 896 3381; x_wconf 81' lang='lat' dir='ltr'>‘Foedius</span> <span class='ocrx_word' id='word_1_284' title='bbox 924 3324 974 3383; x_wconf 88' lang='lat' dir='ltr'>est</span> <span class='ocrx_word' id='word_1_285' title='bbox 998 3314 1160 3383; x_wconf 88' lang='lat' dir='ltr'>camelum</span> <span class='ocrx_word' id='word_1_286' title='bbox 1186 3337 1246 3403; x_wconf 90' lang='lat' dir='ltr'>per</span> <span class='ocrx_word' id='word_1_287' title='bbox 1254 3330 1312 3376; x_wconf 67' lang='lat' dir='ltr'>baa</span> <span class='ocrx_word' id='word_1_288' title='bbox 1322 3333 1359 3387; x_wconf 72' lang='lat'>¹⁴,</span> <span class='ocrx_word' id='word_1_289' title='bbox 1367 3332 1409 3378; x_wconf 80' lang='lat'>⁸⁸·</span> 
     </span>
     <span class='ocr_line' id='line_1_36' title="bbox 108 3395 1244 3488; baseline 0.004 -27"><span class='ocrx_word' id='word_1_290' title='bbox 108 3395 255 3463; x_wconf 86' lang='lat' dir='ltr'>foramen</span> <span class='ocrx_word' id='word_1_291' title='bbox 287 3420 367 3465; x_wconf 88' lang='lat' dir='ltr'>acus</span> <span class='ocrx_word' id='word_1_292' title='bbox 398 3401 545 3486; x_wconf 87' lang='lat' dir='ltr'>transire,</span> <span class='ocrx_word' id='word_1_293' title='bbox 601 3423 677 3467; x_wconf 86' lang='lat' dir='ltr'>uam</span> <span class='ocrx_word' id='word_1_294' title='bbox 713 3400 848 3467; x_wconf 88' lang='lat' dir='ltr'>divitem</span> <span class='ocrx_word' id='word_1_295' title='bbox 884 3400 1005 3468; x_wconf 90' lang='lat' dir='ltr'>intrare</span> <span class='ocrx_word' id='word_1_296' title='bbox 1039 3401 1075 3466; x_wconf 91' lang='lat' dir='ltr'>in</span> <span class='ocrx_word' id='word_1_297' title='bbox 1107 3422 1244 3488; x_wconf 81' lang='lat' dir='ltr'>regnum</span> 
     </span>
     <span class='ocr_line' id='line_1_37' title="bbox 108 3423 1246 3587; baseline 0.002 -38"><span class='ocrx_word' id='word_1_298' title='bbox 108 3481 293 3550; x_wconf 86' lang='lat' dir='ltr'>caelorum&#39;.</span> <span class='ocrx_word' id='word_1_299' title='bbox 317 3535 322 3543; x_wconf 88' lang='lat'>.</span> <span class='ocrx_word' id='word_1_300' title='bbox 347 3484 393 3551; x_wconf 85' lang='lat' dir='ltr'>Et</span> <span class='ocrx_word' id='word_1_301' title='bbox 424 3487 517 3552; x_wconf 90' lang='lat' dir='ltr'>item:</span> <span class='ocrx_word' id='word_1_302' title='bbox 561 3423 638 3569; x_wconf 52' lang='lat' dir='ltr'>‘dui</span> <span class='ocrx_word' id='word_1_303' title='bbox 670 3507 736 3552; x_wconf 91' lang='lat' dir='ltr'>non</span> <span class='ocrx_word' id='word_1_304' title='bbox 767 3487 932 3553; x_wconf 88' lang='lat' dir='ltr'>renuntiat</span> <span class='ocrx_word' id='word_1_305' title='bbox 964 3484 1144 3586; x_wconf 38' lang='lat' dir='ltr'>omnibns·</span> <span class='ocrx_word' id='word_1_306' title='bbox 1162 3506 1246 3587; x_wconf 85' lang='lat' dir='ltr'>quae</span> 
     </span>
    </p>
   </div>
   <div class='ocr_carea' id='block_1_4' title="bbox 107 3566 1377 3828">
    <p class='ocr_par' dir='ltr' id='par_1_4' title="bbox 107 3566 1377 3828">
     <span class='ocr_line' id='line_1_38' title="bbox 107 3566 1377 3698; baseline 0.003 -64"><span class='ocrx_word' id='word_1_307' title='bbox 107 3566 282 3655; x_wconf 49' lang='lat' dir='ltr'>possidete</span> <span class='ocrx_word' id='word_1_308' title='bbox 308 3591 375 3635; x_wconf 92' lang='lat' dir='ltr'>non</span> <span class='ocrx_word' id='word_1_309' title='bbox 400 3580 508 3659; x_wconf 88' lang='lat' dir='ltr'>potest</span> <span class='ocrx_word' id='word_1_310' title='bbox 535 3592 628 3638; x_wconf 88' lang='lat' dir='ltr'>meus</span> <span class='ocrx_word' id='word_1_311' title='bbox 656 3593 726 3639; x_wconf 88' lang='lat' dir='ltr'>ease</span> <span class='ocrx_word' id='word_1_312' title='bbox 755 3568 953 3660; x_wconf 79' lang='lat' dir='ltr'>diseipnlm’.</span> <span class='ocrx_word' id='word_1_313' title='bbox 1004 3569 1110 3638; x_wconf 77' lang='lat' dir='ltr'>Cedo*</span> <span class='ocrx_word' id='word_1_314' title='bbox 1135 3580 1377 3698; x_wconf 49' lang='lat' dir='ltr'>igiturptacte·</span> 
     </span>
     <span class='ocr_line' id='line_1_39' title="bbox 109 3653 1227 3745; baseline 0.002 -27"><span class='ocrx_word' id='word_1_315' title='bbox 109 3653 188 3741; x_wconf 87' lang='lat' dir='ltr'>quid</span> <span class='ocrx_word' id='word_1_316' title='bbox 237 3655 401 3722; x_wconf 83' lang='lat' dir='ltr'>enversius</span> <span class='ocrx_word' id='word_1_317' title='bbox 429 3656 493 3743; x_wconf 90' lang='lat' dir='ltr'>ille,</span> <span class='ocrx_word' id='word_1_318' title='bbox 527 3656 647 3745; x_wconf 87' lang='lat' dir='ltr'>quidve</span> <span class='ocrx_word' id='word_1_319' title='bbox 675 3655 801 3724; x_wconf 84' lang='lat' dir='ltr'>foedius</span> <span class='ocrx_word' id='word_1_320' title='bbox 831 3667 864 3724; x_wconf 90' lang='lat' dir='ltr'>te</span> <span class='ocrx_word' id='word_1_321' title='bbox 893 3654 1015 3722; x_wconf 89' lang='lat' dir='ltr'>dixisse</span> <span class='ocrx_word' id='word_1_322' title='bbox 1046 3653 1227 3722; x_wconf 89' lang='lat' dir='ltr'>credendus</span> 
     </span>
     <span class='ocr_line' id='line_1_40' title="bbox 107 3676 1244 3828; baseline 0.001 -25"><span class='ocrx_word' id='word_1_323' title='bbox 107 3738 179 3806; x_wconf 76' lang='lat' dir='ltr'>est?</span> <span class='ocrx_word' id='word_1_324' title='bbox 201 3676 300 3822; x_wconf 54' lang='lat' dir='ltr'>(duod</span> <span class='ocrx_word' id='word_1_325' title='bbox 322 3741 409 3813; x_wconf 83' lang='lat' dir='ltr'>enim</span> <span class='ocrx_word' id='word_1_326' title='bbox 430 3743 547 3809; x_wconf 89' lang='lat' dir='ltr'>Petrus</span> <span class='ocrx_word' id='word_1_327' title='bbox 568 3742 611 3808; x_wconf 84' lang='lat' dir='ltr'>ad</span> <span class='ocrx_word' id='word_1_328' title='bbox 631 3743 799 3827; x_wconf 86' lang='lat' dir='ltr'>iustitiam,</span> <span class='ocrx_word' id='word_1_329' title='bbox 821 3751 857 3808; x_wconf 87' lang='lat' dir='ltr'>tu</span> <span class='ocrx_word' id='word_1_330' title='bbox 877 3739 1031 3809; x_wconf 75' lang='lat' dir='ltr'>mansfers</span> <span class='ocrx_word' id='word_1_331' title='bbox 1044 3740 1089 3807; x_wconf 89' lang='lat' dir='ltr'>ad</span> <span class='ocrx_word' id='word_1_332' title='bbox 1102 3737 1244 3828; x_wconf 89' lang='lat' dir='ltr'>culpam.</span> 
     </span>
    </p>
   </div>
   <div class='ocr_carea' id='block_1_5' title="bbox 105 3920 1246 4100">
    <p class='ocr_par' dir='ltr' id='par_1_5' title="bbox 105 3920 1246 4100">
     <span class='ocr_line' id='line_1_41' title="bbox 108 3920 1246 3979; baseline -0.003 -13"><span class='ocrx_word' id='word_1_333' title='bbox 108 3920 134 3974; x_wconf 74' lang='lat' dir='ltr'>a)</span> <span class='ocrx_word' id='word_1_334' title='bbox 149 3925 235 3966; x_wconf 74' lang='grc' dir='ltr'>ιιιιιιιπ·</span> <span class='ocrx_word' id='word_1_335' title='bbox 249 3926 344 3977; x_wconf 63' lang='lat' dir='ltr'>capitum</span> <span class='ocrx_word' id='word_1_336' title='bbox 364 3925 460 3968; x_wconf 75' lang='lat' dir='ltr'><strong><em>VII-X</em></strong></span> <span class='ocrx_word' id='word_1_337' title='bbox 477 3928 621 3969; x_wconf 66' lang='lat' dir='ltr'>tenesmo</span> <span class='ocrx_word' id='word_1_338' title='bbox 642 3927 666 3968; x_wconf 77' lang='lat' dir='ltr'>ta</span> <span class='ocrx_word' id='word_1_339' title='bbox 681 3927 759 3975; x_wconf 69' lang='lat' dir='ltr'>mdiu,</span> <span class='ocrx_word' id='word_1_340' title='bbox 778 3938 840 3979; x_wconf 66' lang='lat' dir='ltr'>qum</span> <span class='ocrx_word' id='word_1_341' title='bbox 855 3930 940 3968; x_wconf 70' lang='lat' dir='ltr'>smus</span> <span class='ocrx_word' id='word_1_342' title='bbox 955 3935 1010 3972; x_wconf 69' lang='lat' dir='ltr'>esu,</span> <span class='ocrx_word' id='word_1_343' title='bbox 1031 3923 1131 3975; x_wconf 70' lang='lat' dir='ltr'>quanvis</span> <span class='ocrx_word' id='word_1_344' title='bbox 1145 3933 1194 3963; x_wconf 76' lang='lat' dir='ltr'>essa</span> <span class='ocrx_word' id='word_1_345' title='bbox 1209 3933 1246 3964; x_wconf 70' lang='lat' dir='ltr'>ra·</span> 
     </span>
     <span class='ocr_line' id='line_1_42' title="bbox 105 3982 1244 4041; baseline -0.004 -15"><span class='ocrx_word' id='word_1_346' title='bbox 105 3983 265 4036; x_wconf 55' lang='lat' dir='ltr'>vitaliacum</span> <span class='ocrx_word' id='word_1_347' title='bbox 280 3988 413 4028; x_wconf 65' lang='lat' dir='ltr'>anamais</span> <span class='ocrx_word' id='word_1_348' title='bbox 427 3998 474 4029; x_wconf 73' lang='lat' dir='ltr'>son</span> <span class='ocrx_word' id='word_1_349' title='bbox 489 3989 611 4030; x_wconf 68' lang='lat' dir='ltr'>ammira</span> <span class='ocrx_word' id='word_1_350' title='bbox 679 3986 704 4041; x_wconf 85' lang='lat' dir='ltr'>h)</span> <span class='ocrx_word' id='word_1_351' title='bbox 720 3987 776 4029; x_wconf 68' lang='lat' dir='ltr'>orb!</span> <span class='ocrx_word' id='word_1_352' title='bbox 792 3990 813 4030; x_wconf 90' lang='lat'>1.</span> <span class='ocrx_word' id='word_1_353' title='bbox 886 3984 908 4039; x_wconf 85' lang='lat' dir='ltr'>e)</span> <span class='ocrx_word' id='word_1_354' title='bbox 924 3986 958 4026; x_wconf 74' lang='lat' dir='ltr'>tte</span> <span class='ocrx_word' id='word_1_355' title='bbox 973 3983 1038 4026; x_wconf 66' lang='lat' dir='ltr'>aaa</span> <span class='ocrx_word' id='word_1_356' title='bbox 1054 3982 1078 4025; x_wconf 72' lang='grc'>8.</span> <span class='ocrx_word' id='word_1_357' title='bbox 1091 3982 1244 4034; x_wconf 67' lang='lat' dir='ltr'>premetter.</span> 
     </span>
     <span class='ocr_line' id='line_1_43' title="bbox 108 4040 784 4100; baseline 0 -12"><span class='ocrx_word' id='word_1_358' title='bbox 108 4040 132 4095; x_wconf 80' lang='lat' dir='ltr'>d)</span> <span class='ocrx_word' id='word_1_359' title='bbox 146 4045 265 4096; x_wconf 71' lang='lat' dir='ltr'>possidete</span> <span class='ocrx_word' id='word_1_360' title='bbox 282 4048 303 4088; x_wconf 89' lang='lat'>1.</span> <span class='ocrx_word' id='word_1_361' title='bbox 365 4045 388 4100; x_wconf 86' lang='lat' dir='ltr'>e)</span> <span class='ocrx_word' id='word_1_362' title='bbox 402 4048 495 4100; x_wconf 82' lang='lat' dir='ltr'>posidet</span> <span class='ocrx_word' id='word_1_363' title='bbox 511 4050 533 4090; x_wconf 89' lang='lat'>1.</span> <span class='ocrx_word' id='word_1_364' title='bbox 593 4045 612 4100; x_wconf 76' lang='lat' dir='ltr'>s)</span> <span class='ocrx_word' id='word_1_365' title='bbox 628 4046 746 4090; x_wconf 81' lang='lat' dir='ltr'>credenda</span> <span class='ocrx_word' id='word_1_366' title='bbox 763 4049 784 4093; x_wconf 87' lang='lat'>1.</span> 
     </span>
    </p>
   </div>
   <div class='ocr_carea' id='block_1_6' title="bbox 110 4201 1246 4348">
    <p class='ocr_par' dir='ltr' id='par_1_6' title="bbox 110 4201 1246 4348">
     <span class='ocr_line' id='line_1_44' title="bbox 110 4201 1246 4280; baseline 0.001 -24"><span class='ocrx_word' id='word_1_367' title='bbox 110 4201 140 4272; x_wconf 89' lang='lat'>1)</span> <span class='ocrx_word' id='word_1_368' title='bbox 160 4205 202 4259; x_wconf 84' lang='lat' dir='ltr'>Oi.</span> <span class='ocrx_word' id='word_1_369' title='bbox 223 4207 294 4260; x_wconf 80' lang='lat' dir='ltr'>Acta</span> <span class='ocrx_word' id='word_1_370' title='bbox 314 4217 433 4264; x_wconf 82' lang='lat' dir='ltr'>sanctor.</span> <span class='ocrx_word' id='word_1_371' title='bbox 452 4209 580 4265; x_wconf 87' lang='lat' dir='ltr'>Bollandi</span> <span class='ocrx_word' id='word_1_372' title='bbox 599 4209 685 4280; x_wconf 78' lang='lat' dir='ltr'>April.</span> <span class='ocrx_word' id='word_1_373' title='bbox 705 4213 725 4262; x_wconf 88' lang='lat' dir='ltr'>t.</span> <span class='ocrx_word' id='word_1_374' title='bbox 744 4208 798 4273; x_wconf 88' lang='lat'>111,</span> <span class='ocrx_word' id='word_1_375' title='bbox 817 4202 883 4261; x_wconf 73' lang='lat' dir='ltr'>tto.</span> <span class='ocrx_word' id='word_1_376' title='bbox 905 4206 970 4260; x_wconf 79' lang='lat' dir='ltr'>stt.</span> <span class='ocrx_word' id='word_1_377' title='bbox 1046 4203 1077 4272; x_wconf 74' lang='grc' dir='ltr'>Ξ)</span> <span class='ocrx_word' id='word_1_378' title='bbox 1090 4205 1132 4258; x_wconf 79' lang='lat' dir='ltr'>Ex</span> <span class='ocrx_word' id='word_1_379' title='bbox 1145 4203 1246 4259; x_wconf 85' lang='lat' dir='ltr'>Isidori</span> 
     </span>
     <span class='ocr_line' id='line_1_45' title="bbox 110 4277 436 4348; baseline 0.018 -17"><span class='ocrx_word' id='word_1_380' title='bbox 110 4277 206 4348; x_wconf 72' lang='lat' dir='ltr'>Origg.</span> <span class='ocrx_word' id='word_1_381' title='bbox 226 4281 282 4334; x_wconf 83' lang='lat' dir='ltr'>VII</span> <span class='ocrx_word' id='word_1_382' title='bbox 302 4298 327 4336; x_wconf 88' lang='lat' dir='ltr'>c.</span> <span class='ocrx_word' id='word_1_383' title='bbox 347 4284 373 4348; x_wconf 84' lang='lat'>6,</span> <span class='ocrx_word' id='word_1_384' title='bbox 394 4286 436 4337; x_wconf 82' lang='grc'>73,</span> 
     </span>
    </p>
   </div>
   <div class='ocr_carea' id='block_1_7' title="bbox 994 4382 1010 4431">
    <p class='ocr_par' dir='ltr' id='par_1_7' title="bbox 994 4382 1010 4431">
     <span class='ocr_line' id='line_1_46' title="bbox 994 4382 1010 4431; baseline 0 0"><span class='ocrx_word' id='word_1_385' title='bbox 994 4382 1010 4431; x_wconf 78' lang='lat' dir='ltr'>d</span> 
     </span>
    </p>
   </div>
   <div class='ocr_carea' id='block_1_8' title="bbox 0 0 1470 4718">
    <p class='ocr_par' dir='ltr' id='par_1_8' title="bbox 0 0 1470 4718">
     <span class='ocr_line' id='line_1_47' title="bbox 0 0 1470 4718; baseline 0 3"><span class='ocrx_word' id='word_1_386' title='bbox 0 0 1470 4718; x_wconf 95' lang='lat' dir='ltr'> </span> 
     </span>
    </p>
   </div>
  </div>
 </body>
</html>
