2932 4718
233 244 269 297 80
391 243 624 298 LIUDPRANDI
642 242 910 299 mffooosls.
947 245 1022 298 ΗΒ.
1041 242 1091 309 IV,
1130 243 1214 296 3-6,

318 414 349 481 3.
393 411 536 502 Sperans
566 412 717 501 denique,
751 411 925 481 calliditate
957 435 1017 480 sua
1049 412 1243 481 Albericum
1275 434 1374 502 posse

233 497 394 588 decipere,
416 499 448 564 ei
469 498 637 565 denuntiat
669 509 706 565 ut
727 496 827 564 filiam
849 521 944 565 suam
964 497 1093 585 Aldam
1116 497 1262 578 Lothurii
1285 500 1374 586 regis

233 584 302 651 neti
322 583 375 686 sui
388 604 588 672 germanam,
603 547 667 649 sibi
681 584 834 672 coningio
849 582 950 668 tollat,
969 586 1082 672 sicque
1096 605 1180 685 pace
1194 581 1317 666 habita,
1337 594 1375 650 ut

171 669 435 756 oae.suus1psius
449 666 536 733 filius
557 689 692 735 securus
702 679 905 770 permaneat
939 667 1111 736 Albericns
1132 668 1242 756 igitur,
1265 677 1302 735 ut
1323 668 1376 734 vir

105 780 107 785 ·
233 752 386 836 infereus,
417 750 519 820 filiam
547 753 619 820 eius
648 751 711 822 subi
736 754 890 856 coniugio
917 753 1055 836 iunxit1,
1081 753 1225 820 >Romam
1250 762 1372 838 autem,

257 861 334 906 uam
354 839 454 904 nimis
474 835 621 921 ardebat,
640 859 708 905 non
728 838 871 923 maiust,
893 861 994 928 seque
1016 839 1047 905 ei
1069 839 1203 904 minime
1224 837 1373 906 credidit.

204 940 207 944 “
265 945 320 992 ere
340 921 651 993 tamenAlbericum
672 945 733 990 rex
752 921 853 1012 Hugo
870 925 1036 1000 inescaret
1057 933 1090 990 et
1111 932 1253 1012 caperet,
1267 944 1372 991 τουτω

86 1011 293 1078 arnoumcd*
316 1027 492 1098 αγκηστρω,
513 1017 583 1075 tuto
605 1019 638 1075 to
660 1006 818 1097 agkistro,
839 1008 873 1075 id
888 1018 938 1076 est
951 1008 1013 1074 isto
1028 1007 1136 1091 hamo,
1158 1007 1222 1074 nisi
1237 1029 1373 1074 suorum

232 1094 299 1167 boa
317 1094 440 1162 feceret
459 1090 581 1172 tauta
600 1091 751 1177 militum,
779 1094 837 1181 qui
857 1115 934 1159 eum
955 1090 1131 1181 aliquando
1157 1113 1276 1181 pacem
1290 1114 1372 1171 ‚cum

233 1179 305 1268 ipso
325 1177 445 1246 babere
465 1199 532 1243 non
554 1187 720 1279 cuperant.
750 1175 787 1244 Si
809 1199 907 1265 quem
929 1179 1016 1245 enim
1037 1199 1098 1245 rex
1119 1198 1254 1244 suorum
1275 1175 1374 1244 vellet

213 1264 405 1351 corripere,
427 1262 471 1329 ad
491 1260 682 1329 Albencum
703 1283 783 1328 mox
804 1261 930 1330 studuit
948 1262 1073 1351 fugare,
1094 1284 1116 1328 a
1137 1284 1203 1351 quo
1225 1263 1311 1349 regis
1329 1262 1372 1330 ob

138 1359 141 1376 '
232 1359 359 1417 metum
376 1356 541 1437 gratanter
562 1357 734 1436 susceptus
755 1347 879 1413 Romae
900 1347 1059 1434 deguerat
1079 1346 1267 1414 honoratus.

183 1435 224 1510 (ἢ)
318 1434 349 1498 4.
393 1432 485 1499 Dum
498 1431 559 1498 hec
571 1445 722 1520 aguntur,
739 1431 892 1499 Saraceni
906 1432 1128 1500 Fraxenetum
1143 1431 1372 1515 inhabitantes,

82 1535 165 1581 uem
181 1538 223 1580 at.
234 1515 370 1586 collecta
383 1515 601 1599 multitudine,
624 1519 763 1605 Aquas,
784 1515 812 1582 L
827 1515 974 1584 miliariis
990 1517 1094 1605 Papia
1113 1517 1247 1601 disum,
1266 1537 1371 1606 usque

232 1612 476 1692 pervenerant.².
528 1601 657 1667 Horum
685 1607 868 1690 πρωβωλος,
895 1600 1057 1689 provolos,
1090 1601 1126 1669 id
1155 1613 1203 1670 est
1231 1600 1372 1690 predux,

234 1690 392 1776 Sagittae·
403 1689 586 1754 Saracenos
608 1687 768 1774 pessimus
782 1687 969 1775 impiusque
984 1688 1144 1753 extiterat
1173 1687 1247 1753 Deo
1262 1697 1373 1754 tamen

232 1772 383 1875 propitio,
405 1792 518 1872 pugna
540 1773 714 1872 commissa
735 1773 925 1872 saltuosos,
947 1769 1121 1860 taleporos,
1144 1772 1179 1838 id
1199 1783 1249 1838 est
1263 1773 1370 1854 miser,

95 1881 304 2002 asc-osalpse
317 1857 578 2008 iiudeimidldlll
600 1865 818 2028 sttplplppperiulp
833 1941 988 2009 lanuensi
1020 1939 1112 2023 urbe,
1145 1961 1230 2029 quae
1260 1952 1311 2008 est
1337 1941 1372 2006 in

232 2025 376 2116 Alpibus
397 2025 519 2114 Ootzie,
542 2026 736 2114 octingentis
757 2025 870 2093 stadiis
890 2025 994 2114 Papia
1015 2025 1148 2107 distans,
1171 2047 1270 2114 supra
1286 2023 1372 2091 Affl-

232 2133 352 2178 cannm
385 2132 475 2177 mare
507 2112 697 2194 constituta,
733 2111 805 2177 fons
842 2112 1010 2199 sanguinis
1046 2109 1229 2199 largissime
1265 2108 1371 2194 fluxit,

232 2195 480 2264 subsecuturam
513 2198 640 2262 cunctis
672 2206 821 2284 patenter
851 2197 979 2262 urinam
1010 2197 1188 2262 insinuans.
1243 2193 1372 2263 Eodem

233 2283 354 2382 quippe
386 2303 471 2346 anno
504 2281 607 2347 Poeni
646 2301 721 2346 oum
765 2279 970 2347 multitudine
1010 2280 1167 2347 classium
1205 2277 1260 2346 illo
1301 2301 1373 2368 per·

232 2376 380 2449 vomunt3
417 2363 609 2452 civibusque
649 2365 889 2453 ignorantibus,
927 2367 1093 2433 civitatem
1136 2362 1373 2452 ingrediuntur,

234 2462 378 2534 cunctos,
417 2450 527 2538 pneris
560 2451 686 2538 exeptis
720 2459 753 2516 et
785 2450 986 2534 mulieribus,
1024 2449 1237 2534 trucidantem
1276 2470 1374 2516 cunc·

233 2545 350 2624 touque
383 2535 526 2611 ciuitatis
559 2543 591 2601 et
623 2532 813 2601 eclesiarum
846 2533 899 2602 dei
930 2534 1099 2602 thesauros
1135 2533 1276 2602 navibus
1313 2534 1373 2600 im·

234 2630 401 2710 ponentes,
423 2620 458 2684 in
479 2617 626 2685 Africam
648 2629 723 2684 sunt
743 2619 895 2686 reversi³.

320 2706 351 2773 6.
394 2704 470 2772 Hoc
504 2705 539 2770 in
575 2713 721 2792 tempore
752 2703 957 2785 Mammas,
995 2701 1193 2770 Arelatensis
1231 2704 1374 2771 civitatis

111 2831 121 2842 ·
234 2790 419 2878 episcopus,
440 2789 552 2878 agnita
571 2788 658 2876 regis
679 2787 831 2876 Hugonis
852 2789 1007 2877 potentia,
1029 2809 1050 2852 a
1071 2790 1164 2854 citius
1183 2788 1254 2877 ipse
1269 2787 1374 2855 affini·

233 2874 333 2942 tatis·
367 2873 489 2940 finem
525 2875 682 2962 sanguine
720 2884 896 2958 traxeram,
933 2873 1062 2940 deserta
1097 2872 1160 2940 sibi
1196 2874 1375 2940 commissa

233 2959 382 3043 aeclesia,
403 2956 590 3026 ambitionis
611 2959 738 3046 spiritu,
761 2957 879 3024 multas
901 2957 1101 3024 violaturusb
1129 2960 1229 3024 immo
1250 2957 1374 3027 lacera·

234 3056 327 3111 turus
357 3042 522 3126 aeclesias,
551 3041 681 3110 Italiam
712 3044 815 3133 petiit
869 3043 970 3132 Hugo
1002 3053 1112 3109 autem
1145 3065 1205 3109 rex
1236 3066 1374 3132 regnum

233 3129 380 3196 securius
403 3128 547 3195 obtinere
574 3150 718 3217 sperans,
745 3129 773 3194 si
800 3128 956 3195 affinitate
984 3126 1046 3195 sibi
1073 3128 1254 3195 coniunctis
1280 3129 1374 3218 regni

234 3213 341 3280 officia
362 3211 543 3300 largiretur,
567 3224 679 3280 contre
697 3215 749 3279 ius
763 3213 876 3301 fasque
894 3213 1125 3296 Veronensem,
1146 3211 1373 3281 Tridentinam

234 3307 332 3385 atque
353 3297 566 3364 Mantuanam
588 3298 838 3382 commendavit,
866 3297 924 3365 sed
952 3296 1042 3386 quod
1062 3298 1172 3364 verius
1198 3299 1303 3365 estin
1324 3320 1372 3364 es·

235 3404 308 3448 cam
338 3382 436 3466 dedit,
464 3381 649 3450 aeclesiam.
692 3377 745 3450 Aa
766 3405 827 3449 nec
856 3383 910 3450 his
938 3381 1072 3471 quidem
1095 3391 1274 3466 contentis,
1301 3382 1371 3450 Tri·

234 3467 400 3534 dentinum
420 3465 557 3555 adeptus
579 3479 628 3534 est
650 3489 806 3552 marcam;
830 3490 905 3555 qno,
928 3465 1114 3567 impellente
1130 3464 1270 3548 diabolo,
1293 3466 1372 3533 dum

234 3551 328 3620 miles
350 3574 421 3618 esse
442 3552 609 3639 inciperet,
633 3553 743 3640 episco
767 3575 806 3618 us
828 3575 899 3620 esse
921 3552 1092 3619 desueret.
1135 3551 1233 3618 Libet
1250 3561 1372 3636 autem,

168 3659 171 3665 ·
233 3647 327 3739 pater
348 3637 431 3725 agie,
453 3635 487 3702 id
509 3647 558 3703 est
579 3647 699 3721 sancte,
722 3574 960 3726 aliquantulum
976 3637 1189 3720 immorarier,
1212 3657 1372 3725 suamque

233 3724 338 3811 ipsius
367 3722 560 3789 sententiam
589 3742 649 3788 our
676 3721 739 3790 hoc
771 3733 892 3812 ageret,
926 3721 987 3790 deo
1016 3720 1206 3808 largienter,
1238 3721 1373 3811 propria

232 3806 391 3896 iugulare.

233 3972 256 4026 a)
272 3972 385 4015 ciuitatis
402 3976 423 4015 1.
492 3971 516 4024 b)
531 3973 556 4014 nt
572 3973 703 4014 ululaturus
718 3973 805 4013 asmo
820 3973 884 4014 lim
901 3975 921 4015 l.
991 3972 1014 4028 c)
1031 3973 1138 4024 ternanta
1156 3973 1177 4013 1.

236 4085 264 4155 1)
283 4086 439 4145 vlodoare,
460 4088 531 4139 986:
559 4086 642 4155 Engo
668 4104 717 4141 rex
744 4088 843 4141 Italiae
863 4127 870 4141 .
891 4130 897 4143 .
920 4125 927 4140 .
949 4123 956 4139 .
976 4093 1059 4155 pactu
1084 4084 1192 4139 undem
1218 4099 1289 4154 pace
1310 4099 1372 4138 cunr

232 4161 343 4213 Albrtco
364 4162 432 4214 dans
452 4163 479 4214 ei
497 4161 583 4214 liliam
602 4177 679 4214 snam
700 4164 844 4230 coniugem
864 4163 898 4214 ab
918 4161 1061 4214 obsidione
1082 4159 1198 4214 desistit.
1276 4156 1307 4225 2)
1328 4158 1371 4212 ct.

233 4250 315 4304 supra
328 4235 359 4286 11
377 4251 402 4288 c.
420 4237 466 4301 43,
478 4236 627 4290 Flodoard.
641 4252 658 4287 a
680 4236 744 4288 936.
794 4233 823 4304 3)
837 4235 919 4289 Plura
933 4235 967 4287 de
981 4235 1033 4287 hac
1048 4233 1127 4287 clude
1142 4235 1281 4288 Genuansi
1294 4232 1373 4286 affert

233 4325 267 4361 ex
286 4311 442 4363 auctoribus
461 4310 587 4363 Arabicis
600 4310 693 4363 Amaci
713 4310 817 4377 (Storia
837 4309 880 4362 dei
894 4307 1059 4362 Musulmani
1079 4308 1108 4361 di
1127 4307 1223 4362 Sicilia
1235 4307 1274 4372 11,
1296 4304 1371 4374 tto).

231 4382 261 4450 4)
281 4383 483 4453 Tbeutbergae,
503 4385 629 4452 lingonis
648 4387 720 4453 regis
740 4386 839 4439 sororis
859 4389 887 4437 et
905 4384 1042 4436 Warnerii
1063 4384 1155 4436 comiti
1175 4381 1246 4435 iilius
1266 4381 1325 4434 fuit.
