2932 4718
226 250 279 302 122
374 248 607 306 umbrarum
626 248 893 305 emarescere.
929 248 1003 304 mn.
1023 250 1073 304 VI.
1113 249 1215 302 8-10.

143 439 214 492 ‚ua
224 442 266 509 ap
291 429 445 488 onuntur.
488 420 528 488 ln
556 418 675 522 quibus
702 421 881 510 imperator
907 421 1030 509 pariter
1055 430 1088 488 et
1115 420 1274 488 convivae
1302 441 1371 512 non

283 504 378 590 endo,
400 514 437 572 ut
457 515 593 573 caeteris
616 504 742 588 diebus,
764 503 823 573 sed
843 502 1064 573 recumbendo
1085 503 1275 594 epulantur;
1299 504 1372 607 qui·

225 589 288 658 bus
309 591 346 659 in
365 587 482 658 diebus
503 612 570 657 non
596 590 770 679 argenteis,
800 589 860 658 sed
886 591 994 658 aureis
1016 599 1143 658 tantum
1164 591 1252 657 vasis
1274 591 1370 657 mmi-

226 686 371 743 suanm:
389 676 470 743 Post
484 674 593 743 cibum
609 685 719 743 autem
733 677 841 742 aureis
862 676 950 743 vasis
971 675 1076 744 tribus
1097 686 1174 743 suut
1193 697 1293 778 poma
1315 674 1370 743 de

224 760 306 847 lata,
329 782 413 850 quae
434 759 477 828 ob
498 761 682 829 inmensum
703 759 833 850 pondus
854 781 920 828 non
940 759 1111 828 bominum
1125 760 1286 846 mambus,
1309 759 1371 829 sed

224 867 372 999 purpura
391 848 486 913 tectis
506 843 665 914 vehiculis
687 855 763 914 sunt
782 843 890 914 allata
933 845 1156 937 Apponuntur
1176 855 1287 914 autem
1301 844 1370 915 duo

247 951 288 998 oe
309 933 345 998 in
365 953 513 1000 mensam
533 930 643 999 modo.
674 932 740 1000 Per
752 930 914 998 foramina
927 929 1089 1023 lmuearis
1104 941 1170 999 tres
1184 941 1261 999 sunt
1273 930 1369 1000 funes

114 1037 154 1094 ’μ
163 1037 215 1084 sss.
224 1013 364 1107 pellibus
385 1016 549 1085 deauratis
570 1017 649 1085 tecti
670 1039 745 1084 cum
768 1015 889 1083 *anulis
911 1014 1053 1106 depositi
1066 1018 1184 1100 aureis,
1207 1017 1265 1119 qui
1279 1018 1369 1086 ansis

226 1122 310 1193 quse
331 1103 367 1168 in
386 1099 523 1170 scutulis
567 1103 730 1170 rominent
749 1102 858 1203 positi,
879 1101 1108 1170 adiuvantibus
1126 1101 1261 1169 inferrus
1276 1112 1369 1191 quat-

225 1199 301 1255 tuor
328 1195 387 1254 aut
414 1209 454 1256 eo
475 1124 616 1276 amplius
644 1183 842 1271 bominibus,
874 1208 936 1276 per
966 1185 1116 1255 vertibile
1149 1186 1239 1276 quod
1267 1209 1369 1277 supra

224 1271 378 1361 laqueum
412 1282 461 1342 est
496 1271 656 1361 ergalium
681 1272 717 1338 in
742 1292 889 1340 mensam
918 1270 1157 1356 subvehuntur;
1186 1270 1370 1375 eodemque

224 1355 324 1425 modo
346 1355 584 1460 deponuntur⁸.
627 1356 738 1425 Ludos
768 1357 918 1448 denique,
945 1380 1028 1447 quos
1056 1355 1103 1424 ibi
1131 1379 1368 1447 perspexerim,

104 1457 107 1462 ·
248 1443 304 1510 uia
313 1443 411 1509 nimus
425 1440 561 1531 longum
573 1453 622 1511 est
632 1441 784 1527 seribere,
795 1443 1032 1532 pretermittol3
1047 1463 1150 1508 unum
1160 1441 1368 1512 solummodo

225 1465 267 1597 ib
289 1527 537 1596 admirationem
559 1527 612 1596 bic
634 1529 776 1595 inserere
797 1550 864 1595 non
885 1527 1021 1617 pigebit.

176 1631 216 1688 (s.)
310 1612 341 1679 9.
374 1613 474 1681 Venit
495 1611 638 1703 quidam,
668 1612 835 1680 XXHlI⁰¹
857 1627 890 1680 et
911 1636 950 1681 eo
978 1612 1118 1702 amplius
1145 1613 1269 1702 pedum
1297 1612 1368 1681 lon·

224 1697 386 1787 gitudinis'
403 1697 529 1787 Quum
551 1699 621 1765 sine
642 1721 798 1765 manuum
818 1697 1035 1766 amminiculis
1056 1699 1091 1766 in
1112 1696 1217 1766 fronte
1238 1721 1367 1788 gerens,

226 1782 315 1873 quod
343 1783 455 1852 cubito
484 1804 505 1848 a
531 1785 717 1852 summitate
745 1783 889 1868 inferius,
917 1783 1101 1851 bicubitum
1131 1784 1366 1851 transversim⁰

224 1867 393 1936 babuerat.
437 1867 584 1935 Adducti
606 1879 682 1936 sunt
708 1879 818 1936 autem
848 1867 914 1935 duo
936 1871 1032 1957 pueri
1053 1867 1134 1936 nudi
1156 1869 1214 1936 sed
1236 1890 1368 1959 campe·

225 1955 327 2037 sueti,
348 1954 411 2020 hoc
434 1964 483 2020 est
504 1954 721 2022 succinctoria
741 1953 908 2038 habentes,
957 1955 992 2019 ui
1019 1976 1080 2043 per
1107 1953 1233 2042 lignum
1255 1975 1367 2022 aseen-

224 2037 338 2106 dentes
361 2039 539 2128 eodemqne
560 2037 720 2125 ludentes,
741 2040 910 2128 versisque
936 1977 1089 2106 deorsum
1119 2037 1284 2128 capitibus
1304 2062 1369 2142 per

224 2121 260 2190 id
280 2121 515 2192 descendentes
524 2124 549 2208 ⁶,
571 2125 618 2191 ita
639 2136 852 2192 servaverunt
879 2123 1057 2210 immobile,
1090 2145 1129 2190 ac
1159 2125 1187 2190 si
1209 2123 1367 2191 radicitus

225 2217 329 2275 terrae
351 2221 437 2277 esset
458 2208 616 2276 adfixum.
658 2209 748 2277 Deni
770 2233 812 2277 ue
858 2219 910 2276 ost
931 2210 1029 2276 unius
1051 2208 1254 2295 descensum,
1284 2207 1369 2278 ulter

225 2295 284 2383 qui
303 2305 504 2363 remanserat
524 2293 640 2363 eodem
663 2318 705 2362 ue
727 2232 814 2362 silus
833 2233 976 2380 luserat,
1008 2293 1162 2385 ampliori
1189 2317 1241 2362 me
1263 2293 1368 2362 admi·

63 2384 215 2435 merom
223 2379 349 2447 radone
381 2381 556 2448 attonitum
588 2380 646 2447 red
671 2379 739 2447 'dit
795 2380 937 2469 Quoquo
970 2378 1068 2446 modo
1102 2380 1199 2464 enim,
1233 2378 1368 2469 quoad*

223 2474 359 2552 uterque
380 2463 512 2550 luserat,
533 2464 706 2533 videbatur
751 2464 891 2550 ossibile,
921 2466 1075 2554 quoniam
1098 2464 1230 2553 quidem
1254 2486 1368 2554 quam·

122 2620 125 2627 ⁴
224 2571 324 2639 quam
345 2548 496 2634 mirabili,
516 2572 631 2618 verum
652 2489 797 2639 pomlere
811 2572 877 2616 non
892 2549 1036 2640 dispari·
1057 2549 1185 2638 lignum
1200 2573 1260 2640 per
1277 2548 1368 2639 quod

223 2634 437 2703 ascenderant
463 2633 700 2723 gubernabant
743 2634 837 2702 Unus
865 2658 942 2702 vero
973 2636 1031 2724 qui
1058 2636 1092 2701 in
1121 2634 1203 2724 ligni
1232 2635 1367 2701 summi·

223 2729 290 2788 tate
310 2721 475 2804 remansit,
498 2721 643 2810 quisita
665 2743 700 2788 se
722 2718 901 2809 aequaliter
922 2719 1115 2809 ponderavit
1146 2731 1184 2787 ut
1205 2731 1239 2788 et
1252 2718 1369 2786 luserit

224 2805 264 2871 a'c
287 2827 385 2872 sanus
407 2804 621 2890 descenderit,
654 2807 700 2874 ita
728 2828 781 2873 me
810 2803 976 2894 stupidum
1006 2770 1159 2888 reddidit,
1189 2814 1226 2870 ut
1254 2807 1367 2894 ipsum

225 2890 323 2958 etiam
344 2890 574 2979 imperatorem
596 2912 670 2958 mea
690 2891 863 2958 admiratio
884 2913 950 2957 non
971 2889 1095 2958 lateret.
1139 2889 1236 2958 Unde
1259 2901 1292 2957 et
1313 2911 1367 2956 ac·

225 2976 342 3042 cersito
363 2975 548 3064 interprete,
572 2975 652 3064 quid
673 2977 756 3043 mibi
777 2973 957 3042 mirabilius
978 2974 1154 3061 videretur,
1185 2987 1234 3043 est
1256 2975 1367 3041 scisci·

223 3070 324 3126 tatus:
340 3123 342 3127 ,
361 3082 451 3149 puer,
486 3063 544 3150 qui
576 3083 611 3127 se
643 3061 725 3129 adeo
758 3062 925 3128 moderate
957 3071 1097 3144 rexerat,
1130 3071 1168 3127 ut
1199 3058 1366 3127 immobile

223 3143 348 3232 lignum
381 3156 479 3231 esset,
516 3168 558 3211 an
591 3148 635 3228 is,
675 3147 731 3236 qui
762 3147 797 3214 id
830 3148 865 3212 in
895 3145 1001 3213 fronte
1035 3157 1102 3212 tam
1135 3157 1366 3297 argumentose

223 3239 381 3314 tenuerat,
405 3242 442 3297 ut
462 3253 639 3319 puerorum
660 3253 722 3299 nec
743 3232 871 3321 pondus
893 3253 999 3319 neque
1018 3230 1115 3297 ludus
1130 3255 1170 3298 ve
1197 3229 1366 3298 modicum

223 3313 378 3382 flecteret.
412 3313 562 3406 Cumque
577 3340 630 3384 me
645 3317 805 3404 ignorare,
828 3316 908 3404 quid
926 3315 1006 3382 mihi
1020 3315 1308 3399 thaumastoteron,
1331 3314 1367 3383 id

225 3410 274 3467 est
294 3398 484 3484 mirabilius,
506 3402 682 3487 videretur,
704 3401 877 3486 edicerem,
898 3424 1017 3488 magno
1040 3399 1172 3468 inflatus
1195 3399 1366 3484 cachinno,

225 3507 260 3552 se
281 3484 429 3552 similiter
449 3508 555 3575 neque
577 3489 668 3568 scire,
692 3486 869 3574 respondit.
1168 3558 1169 3562 ,

168 3592 208 3652 (s.)
313 3571 362 3637 10.
397 3569 465 3638 Sed
485 3593 590 3659 neque
612 3571 675 3638 hoc
698 3571 825 3639 silentio
847 3571 1099 3658 pretereundum
1122 3594 1193 3638 esse
1215 3567 1365 3654 arbitror,

162 3656 214 3701 ⁹⁵⁰·
225 3654 315 3744 quod
336 3656 413 3722 novi
435 3655 573 3745 mirique
602 3655 691 3722 aliud
717 3658 833 3723 eodem
862 3658 1095 3745 perspexerim.
1145 3656 1184 3723 In
1213 3677 1252 3723 ea
1303 3675 1365 3722 uae

119 3718 216 3821 ,ἐξὲξ
224 3751 300 3808 ante
322 3741 533 3828 vaiophoron,
562 3741 651 3830 quod
672 3764 731 3809 nos
753 3741 935 3830 palmarum
963 3764 1071 3809 ramos
1093 3740 1241 3823 dicimus,
1266 3679 1366 3807 eldo-

225 3825 332 3909 mada,
355 3837 422 3892 tam
444 3826 600 3894 militibus
625 3849 788 3916 quamque
816 3838 848 3894 et
873 3828 907 3892 in
929 3825 1066 3894 diversis
1090 3826 1273 3893 constitutis
1296 3824 1366 3892 offi-

224 3912 284 3978 ciis
312 3913 582 3978 numismatorum
611 3934 785 3979 aureorum
818 3913 1048 4001 erogationem,
1082 3923 1178 4001 prout
1206 3912 1365 4000 cuiusque

224 4008 367 4064 meretur
388 3997 541 4081 officium,
564 3998 741 4083 imperator
767 3997 856 4064 facit.
901 3997 964 4065 Oui
992 3998 1171 4085 erogationi
1202 3997 1279 4097 quia
1311 4018 1365 4063 me

224 4082 380 4181 interesse
413 4081 527 4164 voluit,
559 4083 670 4148 venire
703 4083 859 4172 precepit.
910 4083 987 4149 Fuit
1019 4094 1129 4149 autem
1165 4080 1365 4148 hnmmodi.

224 4245 248 4297 a)
263 4247 415 4299 depununtur
432 4250 451 4290 1.
510 4248 533 4297 b)
551 4249 685 4298 pretermlto
703 4252 722 4290 1.
777 4250 797 4300 o)
812 4249 953 4290 tranuerslm
970 4250 990 4289 l.
1044 4248 1068 4295 d)
1085 4258 1105 4288 e.
1122 4248 1138 4290 l,
1156 4248 1208 4291 v.d
1232 4259 1252 4290 o.
1268 4258 1292 4299 p.
1309 4249 1325 4290 t.
1342 4247 1365 4293 d.

225 4306 463 4351 desumb.ba.ba'.
525 4307 546 4359 e)
565 4319 585 4348 v.
602 4320 625 4360 p.
642 4320 663 4360 q.
682 4321 704 4360 q.
720 4321 742 4359 q.
759 4320 790 4350 m,
808 4320 830 4353 v.
846 4321 869 4360 p.
887 4321 909 4350 n.
926 4308 946 4348 d.
963 4310 1040 4350 duum
1057 4305 1203 4352 b.5a.bs'.
