<?xml version="1.0" encoding="UTF-8"?>
<!DOCTYPE html PUBLIC "-//W3C//DTD XHTML 1.0 Transitional//EN"
    "http://www.w3.org/TR/xhtml1/DTD/xhtml1-transitional.dtd">
<html xmlns="http://www.w3.org/1999/xhtml" xml:lang="en" lang="en">
 <head>
  <title>
</title>
<meta http-equiv="Content-Type" content="text/html;charset=utf-8" />
  <meta name='ocr-system' content='tesseract 3.04.00' />
  <meta name='ocr-capabilities' content='ocr_page ocr_carea ocr_par ocr_line ocrx_word'/>
</head>
<body>
  <div class='ocr_page' id='page_1' title='image "./operaomnia00liudgoog_0188.png"; bbox 0 0 2932 4718; ppageno 0'>
   <div class='ocr_carea' id='block_1_1' title="bbox 235 242 1094 298">
    <p class='ocr_par' dir='ltr' id='par_1_1' title="bbox 235 242 1094 298">
     <span class='ocr_line' id='line_1_1' title="bbox 235 242 1094 298; baseline 0 -2"><span class='ocrx_word' id='word_1_1' title='bbox 235 244 287 296; x_wconf 78' lang='lat'><strong>162</strong></span> <span class='ocrx_word' id='word_1_2' title='bbox 512 243 743 296; x_wconf 75' lang='lat' dir='ltr'><strong>LlUDPRANDI</strong></span> <span class='ocrx_word' id='word_1_3' title='bbox 763 243 935 298; x_wconf 80' lang='lat' dir='ltr'>LEGATIO.</span> <span class='ocrx_word' id='word_1_4' title='bbox 975 242 1094 297; x_wconf 76' lang='lat' dir='ltr'><strong>ts-st.</strong></span> 
     </span>
    </p>
   </div>
   <div class='ocr_carea' id='block_1_2' title="bbox 72 411 1371 3320">
    <p class='ocr_par' dir='ltr' id='par_1_2' title="bbox 171 411 1370 757">
     <span class='ocr_line' id='line_1_2' title="bbox 171 411 1370 500; baseline 0 -20"><span class='ocrx_word' id='word_1_5' title='bbox 171 438 224 482; x_wconf 80' lang='lat' dir='ltr'><strong>aaa</strong></span> <span class='ocrx_word' id='word_1_6' title='bbox 233 413 368 498; x_wconf 90' lang='lat' dir='ltr'><strong>toribus,</strong></span> <span class='ocrx_word' id='word_1_7' title='bbox 412 414 447 478; x_wconf 93' lang='lat' dir='ltr'><strong>ui</strong></span> <span class='ocrx_word' id='word_1_8' title='bbox 468 411 675 499; x_wconf 84' lang='lat' dir='ltr'><strong>Hydruntem</strong></span> <span class='ocrx_word' id='word_1_9' title='bbox 697 434 749 478; x_wconf 89' lang='lat' dir='ltr'><strong>me</strong></span> <span class='ocrx_word' id='word_1_10' title='bbox 772 435 830 500; x_wconf 88' lang='lat' dir='ltr'><strong>per</strong></span> <span class='ocrx_word' id='word_1_11' title='bbox 843 436 931 481; x_wconf 89' lang='lat' dir='ltr'><strong>mare</strong></span> <span class='ocrx_word' id='word_1_12' title='bbox 952 412 1177 495; x_wconf 82' lang='lat' dir='ltr'><strong>conducerent,</strong></span> <span class='ocrx_word' id='word_1_13' title='bbox 1201 434 1370 480; x_wconf 86' lang='lat' dir='ltr'><strong>commen·</strong></span> 
     </span>
     <span class='ocr_line' id='line_1_3' title="bbox 233 495 1370 587; baseline -0.002 -19"><span class='ocrx_word' id='word_1_14' title='bbox 233 500 331 569; x_wconf 87' lang='lat' dir='ltr'><strong>davit.</strong></span> <span class='ocrx_word' id='word_1_15' title='bbox 407 519 497 565; x_wconf 88' lang='lat' dir='ltr'><strong>erum</strong></span> <span class='ocrx_word' id='word_1_16' title='bbox 521 519 594 563; x_wconf 90' lang='lat' dir='ltr'><strong>cum</strong></span> <span class='ocrx_word' id='word_1_17' title='bbox 616 495 766 581; x_wconf 77' lang='lat' dir='ltr'>entolina,</span> <span class='ocrx_word' id='word_1_18' title='bbox 787 497 822 564; x_wconf 94' lang='lat' dir='ltr'><strong>id</strong></span> <span class='ocrx_word' id='word_1_19' title='bbox 843 511 892 566; x_wconf 89' lang='lat' dir='ltr'><strong>est</strong></span> <span class='ocrx_word' id='word_1_20' title='bbox 913 519 1008 587; x_wconf 82' lang='lat' dir='ltr'>prece</span> <span class='ocrx_word' id='word_1_21' title='bbox 1032 509 1111 581; x_wconf 75' lang='lat' dir='ltr'><strong>tum</strong></span> <span class='ocrx_word' id='word_1_22' title='bbox 1133 499 1184 564; x_wconf 90' lang='lat' dir='ltr'><strong>ius</strong></span> <span class='ocrx_word' id='word_1_23' title='bbox 1204 499 1370 585; x_wconf 88' lang='lat' dir='ltr'><strong>captionis</strong></span> 
     </span>
     <span class='ocr_line' id='line_1_4' title="bbox 233 521 1370 671; baseline -0.004 -17"><span class='ocrx_word' id='word_1_24' title='bbox 233 611 254 654; x_wconf 90' lang='lat' dir='ltr'><strong>a</strong></span> <span class='ocrx_word' id='word_1_25' title='bbox 275 585 477 652; x_wconf 82' lang='lat' dir='ltr'><strong>Graeconrm</strong></span> <span class='ocrx_word' id='word_1_26' title='bbox 498 579 699 671; x_wconf 89' lang='lat' dir='ltr'><strong>principibus</strong></span> <span class='ocrx_word' id='word_1_27' title='bbox 720 605 786 649; x_wconf 89' lang='lat' dir='ltr'><strong>non</strong></span> <span class='ocrx_word' id='word_1_28' title='bbox 800 581 964 667; x_wconf 86' lang='lat' dir='ltr'><strong>haberent,</strong></span> <span class='ocrx_word' id='word_1_29' title='bbox 986 521 1102 651; x_wconf 71' lang='lat' dir='ltr'><strong>ubiubi</strong></span> <span class='ocrx_word' id='word_1_30' title='bbox 1116 582 1370 670; x_wconf 73' lang='lat' dir='ltr'><strong>spernebantur,</strong></span> 
     </span>
     <span class='ocr_line' id='line_1_5' title="bbox 233 666 1369 757; baseline -0.004 -18"><span class='ocrx_word' id='word_1_31' title='bbox 233 695 295 739; x_wconf 90' lang='lat' dir='ltr'><strong>nec</strong></span> <span class='ocrx_word' id='word_1_32' title='bbox 324 671 389 737; x_wconf 89' lang='lat' dir='ltr'><strong>iam</strong></span> <span class='ocrx_word' id='word_1_33' title='bbox 416 690 475 735; x_wconf 87' lang='lat' dir='ltr'><strong>nos</strong></span> <span class='ocrx_word' id='word_1_34' title='bbox 503 667 545 734; x_wconf 90' lang='lat' dir='ltr'><strong>ab</strong></span> <span class='ocrx_word' id='word_1_35' title='bbox 570 667 667 755; x_wconf 90' lang='lat' dir='ltr'><strong>ipsis,</strong></span> <span class='ocrx_word' id='word_1_36' title='bbox 696 666 754 735; x_wconf 89' lang='lat' dir='ltr'><strong>sed</strong></span> <span class='ocrx_word' id='word_1_37' title='bbox 783 669 845 757; x_wconf 90' lang='lat' dir='ltr'><strong>ipsi</strong></span> <span class='ocrx_word' id='word_1_38' title='bbox 872 692 893 734; x_wconf 89' lang='lat' dir='ltr'><strong>a</strong></span> <span class='ocrx_word' id='word_1_39' title='bbox 918 667 1012 735; x_wconf 88' lang='lat' dir='ltr'><strong>nobis</strong></span> <span class='ocrx_word' id='word_1_40' title='bbox 1033 666 1211 735; x_wconf 79' lang='lat' dir='ltr'><strong>alebantur.</strong></span> <span class='ocrx_word' id='word_1_41' title='bbox 1256 667 1369 751; x_wconf 77' lang='lat' dir='ltr'><strong>Quam</strong></span> 
     </span>
    </p>

    <p class='ocr_par' dir='ltr' id='par_1_3' title="bbox 111 752 1371 1772">
     <span class='ocr_line' id='line_1_6' title="bbox 125 752 1368 863; baseline -0.002 -39"><span class='ocrx_word' id='word_1_42' title='bbox 125 786 127 790; x_wconf 57' lang='grc'>’</span> <span class='ocrx_word' id='word_1_43' title='bbox 234 778 330 845; x_wconf 84' lang='lat' dir='ltr'><strong>saepe</strong></span> <span class='ocrx_word' id='word_1_44' title='bbox 352 752 432 820; x_wconf 88' lang='lat' dir='ltr'><strong>illud</strong></span> <span class='ocrx_word' id='word_1_45' title='bbox 441 752 671 819; x_wconf 81' lang='lat' dir='ltr'><strong>Terentianum</strong></span> <span class='ocrx_word' id='word_1_46' title='bbox 692 775 821 863; x_wconf 73' lang='lat' dir='ltr'><strong>mecum</strong></span> <span class='ocrx_word' id='word_1_47' title='bbox 843 753 1104 821; x_wconf 86' lang='lat' dir='ltr'><strong>stomachabar¹:</strong></span> <span class='ocrx_word' id='word_1_48' title='bbox 1127 752 1260 820; x_wconf 69' lang='lat' dir='ltr'><strong>‘Tutore</strong></span> <span class='ocrx_word' id='word_1_49' title='bbox 1282 774 1368 843; x_wconf 89' lang='lat' dir='ltr'><strong>opus</strong></span> 
     </span>
     <span class='ocr_line' id='line_1_7' title="bbox 234 837 1368 1011; baseline 0.001 -20"><span class='ocrx_word' id='word_1_50' title='bbox 234 851 292 926; x_wconf 43' lang='lat' dir='ltr'><strong>est,</strong></span> <span class='ocrx_word' id='word_1_51' title='bbox 315 861 397 991; x_wconf 57' lang='lat' dir='ltr'><strong>ppos</strong></span> <span class='ocrx_word' id='word_1_52' title='bbox 418 837 529 990; x_wconf 52' lang='lat' dir='ltr'><strong>dltfdl·1⁸</strong></span> <span class='ocrx_word' id='word_1_53' title='bbox 515 859 609 989; x_wconf 63' lang='lat' dir='ltr'><strong>nbrdib</strong></span> <span class='ocrx_word' id='word_1_54' title='bbox 621 859 771 989; x_wconf 58' lang='lat' dir='ltr'><strong>Eblrdddis</strong></span> <span class='ocrx_word' id='word_1_55' title='bbox 783 922 975 990; x_wconf 74' lang='lat' dir='ltr'><strong>Decembris</strong></span> <span class='ocrx_word' id='word_1_56' title='bbox 986 923 1193 1011; x_wconf 89' lang='lat' dir='ltr'><strong>Naupactum</strong></span> <span class='ocrx_word' id='word_1_57' title='bbox 1204 945 1368 1011; x_wconf 84' lang='lat' dir='ltr'><strong>egressus,</strong></span> 
     </span>
     <span class='ocr_line' id='line_1_8' title="bbox 234 1006 1368 1096; baseline -0.003 -17"><span class='ocrx_word' id='word_1_58' title='bbox 234 1011 335 1080; x_wconf 88' lang='lat' dir='ltr'>biduo</span> <span class='ocrx_word' id='word_1_59' title='bbox 357 1008 400 1076; x_wconf 91' lang='lat' dir='ltr'><strong>ad</strong></span> <span class='ocrx_word' id='word_1_60' title='bbox 446 1006 605 1074; x_wconf 71' lang='lat' dir='ltr'><strong>ffidarim·</strong></span> <span class='ocrx_word' id='word_1_61' title='bbox 627 1006 784 1074; x_wconf 84' lang='lat' dir='ltr'><strong>fluvium²</strong></span> <span class='ocrx_word' id='word_1_62' title='bbox 806 1030 911 1096; x_wconf 88' lang='lat' dir='ltr'><strong>usque</strong></span> <span class='ocrx_word' id='word_1_63' title='bbox 933 1010 1075 1096; x_wconf 86' lang='lat' dir='ltr'><strong>perveni,</strong></span> <span class='ocrx_word' id='word_1_64' title='bbox 1097 1009 1192 1074; x_wconf 69' lang='lat' dir='ltr'><strong>cumb</strong></span> <span class='ocrx_word' id='word_1_65' title='bbox 1214 1009 1297 1075; x_wconf 88' lang='lat' dir='ltr'><strong>meis</strong></span> <span class='ocrx_word' id='word_1_66' title='bbox 1312 1031 1368 1076; x_wconf 89' lang='lat' dir='ltr'><strong>co·</strong></span> 
     </span>
     <span class='ocr_line' id='line_1_9' title="bbox 234 1091 1369 1182; baseline -0.004 -19"><span class='ocrx_word' id='word_1_67' title='bbox 234 1095 367 1163; x_wconf 91' lang='lat' dir='ltr'><strong>mitibus</strong></span> <span class='ocrx_word' id='word_1_68' title='bbox 388 1115 453 1160; x_wconf 91' lang='lat' dir='ltr'><strong>non</strong></span> <span class='ocrx_word' id='word_1_69' title='bbox 474 1094 508 1158; x_wconf 93' lang='lat' dir='ltr'><strong>in</strong></span> <span class='ocrx_word' id='word_1_70' title='bbox 528 1091 692 1176; x_wconf 81' lang='lat' dir='ltr'><strong>naviculis,</strong></span> <span class='ocrx_word' id='word_1_71' title='bbox 714 1114 798 1181; x_wconf 89' lang='lat' dir='ltr'><strong>quae</strong></span> <span class='ocrx_word' id='word_1_72' title='bbox 820 1114 875 1159; x_wconf 90' lang='lat' dir='ltr'><strong>eos</strong></span> <span class='ocrx_word' id='word_1_73' title='bbox 898 1114 1013 1181; x_wconf 86' lang='lat' dir='ltr'><strong>capere</strong></span> <span class='ocrx_word' id='word_1_74' title='bbox 1035 1113 1100 1159; x_wconf 92' lang='lat' dir='ltr'><strong>non</strong></span> <span class='ocrx_word' id='word_1_75' title='bbox 1114 1102 1273 1182; x_wconf 87' lang='lat' dir='ltr'><strong>poterant,</strong></span> <span class='ocrx_word' id='word_1_76' title='bbox 1288 1094 1369 1161; x_wconf 89' lang='lat' dir='ltr'><strong>resi·</strong></span> 
     </span>
     <span class='ocr_line' id='line_1_10' title="bbox 111 1174 1368 1267; baseline -0.002 -18"><span class='ocrx_word' id='word_1_77' title='bbox 111 1191 171 1235; x_wconf 73' lang='lat' dir='ltr'><strong>rev.</strong></span> <span class='ocrx_word' id='word_1_78' title='bbox 188 1179 395 1262; x_wconf 78' lang='lat' dir='ltr'><strong>²⁶·dcntibus,</strong></span> <span class='ocrx_word' id='word_1_79' title='bbox 417 1176 475 1245; x_wconf 90' lang='lat' dir='ltr'><strong>sed</strong></span> <span class='ocrx_word' id='word_1_80' title='bbox 496 1197 588 1243; x_wconf 89' lang='lat' dir='ltr'><strong>secus</strong></span> <span class='ocrx_word' id='word_1_81' title='bbox 609 1174 685 1243; x_wconf 90' lang='lat' dir='ltr'><strong>litus</strong></span> <span class='ocrx_word' id='word_1_82' title='bbox 713 1176 932 1266; x_wconf 79' lang='lat' dir='ltr'><strong>pergentibus.</strong></span> <span class='ocrx_word' id='word_1_83' title='bbox 975 1178 1075 1245; x_wconf 91' lang='lat' dir='ltr'><strong>Positi</strong></span> <span class='ocrx_word' id='word_1_84' title='bbox 1097 1179 1206 1267; x_wconf 89' lang='lat' dir='ltr'><strong>itaque</strong></span> <span class='ocrx_word' id='word_1_85' title='bbox 1228 1178 1264 1243; x_wconf 91' lang='lat' dir='ltr'><strong>in</strong></span> <span class='ocrx_word' id='word_1_86' title='bbox 1285 1177 1368 1246; x_wconf 87' lang='lat' dir='ltr'><strong>Offi-</strong></span> 
     </span>
     <span class='ocr_line' id='line_1_11' title="bbox 209 1261 1368 1347; baseline -0.001 -15"><span class='ocrx_word' id='word_1_87' title='bbox 209 1267 327 1340; x_wconf 69' lang='lat' dir='ltr'><strong>,dari0</strong></span> <span class='ocrx_word' id='word_1_88' title='bbox 359 1263 502 1346; x_wconf 88' lang='lat' dir='ltr'><strong>flumine,</strong></span> <span class='ocrx_word' id='word_1_89' title='bbox 534 1262 646 1328; x_wconf 88' lang='lat' dir='ltr'><strong>Patras</strong></span> <span class='ocrx_word' id='word_1_90' title='bbox 673 1261 737 1328; x_wconf 88' lang='lat' dir='ltr'><strong>alio</strong></span> <span class='ocrx_word' id='word_1_91' title='bbox 766 1265 863 1329; x_wconf 87' lang='lat' dir='ltr'><strong>maris</strong></span> <span class='ocrx_word' id='word_1_92' title='bbox 886 1265 920 1329; x_wconf 92' lang='lat' dir='ltr'><strong>in</strong></span> <span class='ocrx_word' id='word_1_93' title='bbox 951 1262 1054 1347; x_wconf 88' lang='lat' dir='ltr'><strong>litore,</strong></span> <span class='ocrx_word' id='word_1_94' title='bbox 1087 1263 1200 1330; x_wconf 88' lang='lat' dir='ltr'><strong>decem</strong></span> <span class='ocrx_word' id='word_1_95' title='bbox 1229 1275 1262 1331; x_wconf 93' lang='lat' dir='ltr'><strong>et</strong></span> <span class='ocrx_word' id='word_1_96' title='bbox 1290 1274 1368 1331; x_wconf 89' lang='lat' dir='ltr'><strong>octo</strong></span> 
     </span>
     <span class='ocr_line' id='line_1_12' title="bbox 235 1346 1371 1436; baseline -0.002 -18"><span class='ocrx_word' id='word_1_97' title='bbox 235 1349 414 1418; x_wconf 87' lang='lat' dir='ltr'><strong>miliaribus</strong></span> <span class='ocrx_word' id='word_1_98' title='bbox 436 1348 555 1414; x_wconf 87' lang='lat' dir='ltr'><strong>distare</strong></span> <span class='ocrx_word' id='word_1_99' title='bbox 577 1349 815 1435; x_wconf 83' lang='lat' dir='ltr'><strong>prospeximus.</strong></span> <span class='ocrx_word' id='word_1_100' title='bbox 859 1349 965 1432; x_wconf 84' lang='lat' dir='ltr'><strong>Quem</strong></span> <span class='ocrx_word' id='word_1_101' title='bbox 986 1346 1184 1436; x_wconf 86' lang='lat' dir='ltr'><strong>apostolicae</strong></span> <span class='ocrx_word' id='word_1_102' title='bbox 1205 1349 1371 1436; x_wconf 86' lang='lat' dir='ltr'><strong>passionis</strong></span> 
     </span>
     <span class='ocr_line' id='line_1_13' title="bbox 234 1430 1369 1523; baseline -0.001 -22"><span class='ocrx_word' id='word_1_103' title='bbox 234 1435 352 1517; x_wconf 89' lang='lat' dir='ltr'><strong>locum,</strong></span> <span class='ocrx_word' id='word_1_104' title='bbox 376 1434 432 1523; x_wconf 84' lang='lat' dir='ltr'><strong>qui</strong></span> <span class='ocrx_word' id='word_1_105' title='bbox 454 1430 765 1519; x_wconf 79' lang='lat' dir='ltr'><strong>Constantinopolim</strong></span> <span class='ocrx_word' id='word_1_106' title='bbox 787 1434 989 1501; x_wconf 85' lang='lat' dir='ltr'><strong>ascendendo</strong></span> <span class='ocrx_word' id='word_1_107' title='bbox 1017 1434 1229 1517; x_wconf 77' lang='lat' dir='ltr'><strong>visitavimus,</strong></span> <span class='ocrx_word' id='word_1_108' title='bbox 1251 1431 1369 1500; x_wconf 87' lang='lat' dir='ltr'><strong>adora·</strong></span> 
     </span>
     <span class='ocr_line' id='line_1_14' title="bbox 234 1518 1369 1606; baseline -0.002 -19"><span class='ocrx_word' id='word_1_109' title='bbox 234 1522 350 1602; x_wconf 86' lang='lat' dir='ltr'><strong>vimus,</strong></span> <span class='ocrx_word' id='word_1_110' title='bbox 372 1540 458 1584; x_wconf 88' lang='lat' dir='ltr'><strong>nunc</strong></span> <span class='ocrx_word' id='word_1_111' title='bbox 482 1539 557 1583; x_wconf 90' lang='lat' dir='ltr'><strong>cum</strong></span> <span class='ocrx_word' id='word_1_112' title='bbox 583 1518 713 1583; x_wconf 87' lang='lat' dir='ltr'><strong>visitare</strong></span> <span class='ocrx_word' id='word_1_113' title='bbox 736 1527 767 1585; x_wconf 92' lang='lat' dir='ltr'><strong>et</strong></span> <span class='ocrx_word' id='word_1_114' title='bbox 789 1519 923 1586; x_wconf 87' lang='lat' dir='ltr'><strong>adorare</strong></span> <span class='ocrx_word' id='word_1_115' title='bbox 945 1559 989 1570; x_wconf 93' lang='lat'>-</span> <span class='ocrx_word' id='word_1_116' title='bbox 1009 1519 1165 1586; x_wconf 86' lang='lat' dir='ltr'><strong>confiteor</strong></span> <span class='ocrx_word' id='word_1_117' title='bbox 1192 1528 1369 1606; x_wconf 89' lang='lat' dir='ltr'><strong>peccatum</strong></span> 
     </span>
     <span class='ocr_line' id='line_1_15' title="bbox 120 1601 1367 1691; baseline 0.004 -25"><span class='ocrx_word' id='word_1_118' title='bbox 120 1606 357 1676; x_wconf 75' lang='lat' dir='ltr'><strong>·p.aa1.meum!</strong></span> <span class='ocrx_word' id='word_1_119' title='bbox 379 1644 422 1654; x_wconf 95' lang='lat'>-</span> <span class='ocrx_word' id='word_1_120' title='bbox 444 1601 634 1668; x_wconf 86' lang='lat' dir='ltr'><strong>distulimus.</strong></span> <span class='ocrx_word' id='word_1_121' title='bbox 678 1603 771 1669; x_wconf 80' lang='lat' dir='ltr'><strong>Fecit</strong></span> <span class='ocrx_word' id='word_1_122' title='bbox 792 1603 862 1685; x_wconf 91' lang='lat' dir='ltr'><strong>hoc,</strong></span> <span class='ocrx_word' id='word_1_123' title='bbox 892 1604 1014 1671; x_wconf 90' lang='lat' dir='ltr'><strong>domini</strong></span> <span class='ocrx_word' id='word_1_124' title='bbox 1041 1605 1125 1671; x_wconf 83' lang='lat' dir='ltr'><strong>*mei</strong></span> <span class='ocrx_word' id='word_1_125' title='bbox 1151 1604 1290 1691; x_wconf 85' lang='lat' dir='ltr'><strong>augusti,</strong></span> <span class='ocrx_word' id='word_1_126' title='bbox 1318 1627 1367 1671; x_wconf 88' lang='lat' dir='ltr'><strong>re·</strong></span> 
     </span>
     <span class='ocr_line' id='line_1_16' title="bbox 234 1686 1368 1772; baseline 0.003 -18"><span class='ocrx_word' id='word_1_127' title='bbox 234 1689 381 1757; x_wconf 88' lang='lat' dir='ltr'><strong>vertendi</strong></span> <span class='ocrx_word' id='word_1_128' title='bbox 403 1688 525 1753; x_wconf 91' lang='lat' dir='ltr'><strong>advos</strong></span> <span class='ocrx_word' id='word_1_129' title='bbox 549 1698 581 1754; x_wconf 90' lang='lat' dir='ltr'><strong>ct</strong></span> <span class='ocrx_word' id='word_1_130' title='bbox 601 1686 732 1753; x_wconf 89' lang='lat' dir='ltr'><strong>videndi</strong></span> <span class='ocrx_word' id='word_1_131' title='bbox 759 1688 920 1755; x_wconf 90' lang='lat' dir='ltr'><strong>ineffabile</strong></span> <span class='ocrx_word' id='word_1_132' title='bbox 943 1690 1153 1772; x_wconf 89' lang='lat' dir='ltr'><strong>desiderium;</strong></span> <span class='ocrx_word' id='word_1_133' title='bbox 1181 1698 1213 1754; x_wconf 95' lang='lat' dir='ltr'><strong>et</strong></span> <span class='ocrx_word' id='word_1_134' title='bbox 1239 1688 1273 1753; x_wconf 91' lang='lat' dir='ltr'><strong>ui</strong></span> <span class='ocrx_word' id='word_1_135' title='bbox 1303 1688 1368 1757; x_wconf 86' lang='lat' dir='ltr'><strong>hoc</strong></span> 
     </span>
    </p>

    <p class='ocr_par' dir='ltr' id='par_1_4' title="bbox 236 1774 994 1861">
     <span class='ocr_line' id='line_1_17' title="bbox 236 1774 994 1861; baseline 0 -21"><span class='ocrx_word' id='word_1_136' title='bbox 236 1774 340 1841; x_wconf 91' lang='lat' dir='ltr'><strong>solum</strong></span> <span class='ocrx_word' id='word_1_137' title='bbox 363 1783 455 1854; x_wconf 90' lang='lat' dir='ltr'><strong>esset,</strong></span> <span class='ocrx_word' id='word_1_138' title='bbox 478 1782 643 1860; x_wconf 88' lang='lat' dir='ltr'><strong>perpetuo,</strong></span> <span class='ocrx_word' id='word_1_139' title='bbox 666 1783 701 1838; x_wconf 92' lang='lat' dir='ltr'><strong>ut</strong></span> <span class='ocrx_word' id='word_1_140' title='bbox 723 1784 811 1860; x_wconf 89' lang='lat' dir='ltr'><strong>puto,</strong></span> <span class='ocrx_word' id='word_1_141' title='bbox 835 1776 994 1861; x_wconf 91' lang='lat' dir='ltr'><strong>perierim.</strong></span> 
     </span>
    </p>

    <p class='ocr_par' dir='ltr' id='par_1_5' title="bbox 72 1855 1368 3320">
     <span class='ocr_line' id='line_1_18' title="bbox 320 1855 1367 1943; baseline 0.001 -20"><span class='ocrx_word' id='word_1_142' title='bbox 320 1859 371 1923; x_wconf 82' lang='lat'><strong>60.</strong></span> <span class='ocrx_word' id='word_1_143' title='bbox 415 1857 577 1943; x_wconf 84' lang='lat' dir='ltr'><strong>Pugnavit</strong></span> <span class='ocrx_word' id='word_1_144' title='bbox 599 1868 710 1922; x_wconf 88' lang='lat' dir='ltr'><strong>contra</strong></span> <span class='ocrx_word' id='word_1_145' title='bbox 733 1880 784 1923; x_wconf 90' lang='lat' dir='ltr'><strong>me</strong></span> <span class='ocrx_word' id='word_1_146' title='bbox 806 1860 1002 1925; x_wconf 87' lang='lat' dir='ltr'><strong>insensatum</strong></span> <span class='ocrx_word' id='word_1_147' title='bbox 1020 1869 1157 1941; x_wconf 82' lang='lat' dir='ltr'><strong>auster³,</strong></span> <span class='ocrx_word' id='word_1_148' title='bbox 1180 1881 1269 1926; x_wconf 89' lang='lat' dir='ltr'><strong>mare</strong></span> <span class='ocrx_word' id='word_1_149' title='bbox 1284 1855 1367 1924; x_wconf 87' lang='lat' dir='ltr'><strong>flati-</strong></span> 
     </span>
     <span class='ocr_line' id='line_1_19' title="bbox 235 1939 1366 2033; baseline 0 -23"><span class='ocrx_word' id='word_1_150' title='bbox 235 1942 297 2010; x_wconf 89' lang='lat' dir='ltr'><strong>bus</strong></span> <span class='ocrx_word' id='word_1_151' title='bbox 319 1941 359 2008; x_wconf 87' lang='lat' dir='ltr'><strong>ab</strong></span> <span class='ocrx_word' id='word_1_152' title='bbox 383 1943 455 2006; x_wconf 88' lang='lat' dir='ltr'><strong>imis</strong></span> <span class='ocrx_word' id='word_1_153' title='bbox 477 1939 609 2007; x_wconf 86' lang='lat' dir='ltr'><strong>turbans</strong></span> <span class='ocrx_word' id='word_1_154' title='bbox 632 1942 773 2009; x_wconf 85' lang='lat' dir='ltr'><strong>sedibus.</strong></span> <span class='ocrx_word' id='word_1_155' title='bbox 811 1943 959 2033; x_wconf 79' lang='lat' dir='ltr'><strong>Cumque</strong></span> <span class='ocrx_word' id='word_1_156' title='bbox 981 1944 1042 2010; x_wconf 89' lang='lat' dir='ltr'><strong>hoc</strong></span> <span class='ocrx_word' id='word_1_157' title='bbox 1065 1945 1224 2010; x_wconf 89' lang='lat' dir='ltr'><strong>continuis</strong></span> <span class='ocrx_word' id='word_1_158' title='bbox 1247 1942 1366 2011; x_wconf 84' lang='lat' dir='ltr'><strong>diebus</strong></span> 
     </span>
     <span class='ocr_line' id='line_1_20' title="bbox 114 2025 1368 2114; baseline 0.007 -28"><span class='ocrx_word' id='word_1_159' title='bbox 114 2045 172 2088; x_wconf 76' lang='lat' dir='ltr'><strong>nov.</strong></span> <span class='ocrx_word' id='word_1_160' title='bbox 189 2045 275 2096; x_wconf 81' lang='lat' dir='ltr'><strong>eoae</strong></span> <span class='ocrx_word' id='word_1_161' title='bbox 296 2027 447 2094; x_wconf 89' lang='lat' dir='ltr'><strong>noctibus</strong></span> <span class='ocrx_word' id='word_1_162' title='bbox 469 2025 598 2108; x_wconf 88' lang='lat' dir='ltr'><strong>faceret,</strong></span> <span class='ocrx_word' id='word_1_163' title='bbox 620 2027 723 2114; x_wconf 84' lang='lat' dir='ltr'><strong>pridie</strong></span> <span class='ocrx_word' id='word_1_164' title='bbox 747 2027 906 2096; x_wconf 81' lang='lat' dir='ltr'><strong>Calendas</strong></span> <span class='ocrx_word' id='word_1_165' title='bbox 928 2029 1127 2111; x_wconf 87' lang='lat' dir='ltr'><strong>Decembris,</strong></span> <span class='ocrx_word' id='word_1_166' title='bbox 1150 2030 1160 2092; x_wconf 95' lang='lat' dir='ltr'><strong>i</strong></span> <span class='ocrx_word' id='word_1_167' title='bbox 1185 2051 1220 2094; x_wconf 93' lang='lat' dir='ltr'><strong>so</strong></span> <span class='ocrx_word' id='word_1_168' title='bbox 1241 2027 1368 2096; x_wconf 84' lang='lat' dir='ltr'><strong>scilicet</strong></span> 
     </span>
     <span class='ocr_line' id='line_1_21' title="bbox 72 2050 1367 2202; baseline 0.003 -26"><span class='ocrx_word' id='word_1_169' title='bbox 72 2123 126 2166; x_wconf 79' lang='lat'>1⁸⁸¹·</span> <span class='ocrx_word' id='word_1_170' title='bbox 138 2123 174 2176; x_wconf 68' lang='lat'><strong>28,</strong></span> <span class='ocrx_word' id='word_1_171' title='bbox 188 2122 224 2164; x_wconf 81' lang='lat'><strong>1⁹·</strong></span> <span class='ocrx_word' id='word_1_172' title='bbox 236 2114 395 2202; x_wconf 87' lang='lat' dir='ltr'><strong>passionis</strong></span> <span class='ocrx_word' id='word_1_173' title='bbox 418 2113 501 2194; x_wconf 61' lang='lat' dir='ltr'><strong>diet,</strong></span> <span class='ocrx_word' id='word_1_174' title='bbox 523 2110 666 2177; x_wconf 86' lang='lat' dir='ltr'><strong>intellexi</strong></span> <span class='ocrx_word' id='word_1_175' title='bbox 687 2135 759 2179; x_wconf 89' lang='lat' dir='ltr'><strong>mco</strong></span> <span class='ocrx_word' id='word_1_176' title='bbox 782 2113 861 2179; x_wconf 91' lang='lat' dir='ltr'><strong>mihi</strong></span> <span class='ocrx_word' id='word_1_177' title='bbox 876 2113 936 2180; x_wconf 91' lang='lat' dir='ltr'><strong>hoc</strong></span> <span class='ocrx_word' id='word_1_178' title='bbox 952 2113 1108 2180; x_wconf 88' lang='lat' dir='ltr'><strong>accidisse</strong></span> <span class='ocrx_word' id='word_1_179' title='bbox 1123 2050 1249 2180; x_wconf 84' lang='lat' dir='ltr'><strong>delicto.</strong></span> <span class='ocrx_word' id='word_1_180' title='bbox 1287 2112 1367 2180; x_wconf 87' lang='lat' dir='ltr'><strong>Sola</strong></span> 
     </span>
     <span class='ocr_line' id='line_1_22' title="bbox 234 2196 1368 2287; baseline 0 -21"><span class='ocrx_word' id='word_1_181' title='bbox 234 2200 366 2266; x_wconf 85' lang='lat' dir='ltr'><strong>vexatio</strong></span> <span class='ocrx_word' id='word_1_182' title='bbox 388 2196 582 2263; x_wconf 88' lang='lat' dir='ltr'><strong>intellectum</strong></span> <span class='ocrx_word' id='word_1_183' title='bbox 604 2197 694 2263; x_wconf 90' lang='lat' dir='ltr'><strong>dedit</strong></span> <span class='ocrx_word' id='word_1_184' title='bbox 714 2196 849 2264; x_wconf 91' lang='lat' dir='ltr'><strong>auditui.</strong></span> <span class='ocrx_word' id='word_1_185' title='bbox 893 2200 1011 2265; x_wconf 83' lang='lat' dir='ltr'><strong>Fames</strong></span> <span class='ocrx_word' id='word_1_186' title='bbox 1041 2199 1162 2287; x_wconf 85' lang='lat' dir='ltr'><strong>quippe</strong></span> <span class='ocrx_word' id='word_1_187' title='bbox 1184 2219 1244 2264; x_wconf 90' lang='lat' dir='ltr'><strong>nos</strong></span> <span class='ocrx_word' id='word_1_188' title='bbox 1271 2198 1368 2266; x_wconf 89' lang='lat' dir='ltr'><strong>vehe-</strong></span> 
     </span>
     <span class='ocr_line' id='line_1_23' title="bbox 235 2281 1367 2370; baseline 0 -19"><span class='ocrx_word' id='word_1_189' title='bbox 235 2294 359 2352; x_wconf 88' lang='lat' dir='ltr'><strong>menter</strong></span> <span class='ocrx_word' id='word_1_190' title='bbox 381 2305 421 2370; x_wconf 93' lang='lat' dir='ltr'><strong>op</strong></span> <span class='ocrx_word' id='word_1_191' title='bbox 446 2290 592 2348; x_wconf 87' lang='lat' dir='ltr'><strong>resserat.</strong></span> <span class='ocrx_word' id='word_1_192' title='bbox 635 2281 754 2349; x_wconf 87' lang='lat' dir='ltr'><strong>Terrae</strong></span> <span class='ocrx_word' id='word_1_193' title='bbox 779 2283 913 2366; x_wconf 87' lang='lat' dir='ltr'><strong>incolae,</strong></span> <span class='ocrx_word' id='word_1_194' title='bbox 943 2292 978 2349; x_wconf 90' lang='lat' dir='ltr'><strong>ut</strong></span> <span class='ocrx_word' id='word_1_195' title='bbox 1006 2293 1116 2350; x_wconf 82' lang='lat' dir='ltr'><strong>nostra</strong></span> <span class='ocrx_word' id='word_1_196' title='bbox 1141 2283 1235 2349; x_wconf 91' lang='lat' dir='ltr'><strong>nobis</strong></span> <span class='ocrx_word' id='word_1_197' title='bbox 1262 2283 1367 2351; x_wconf 82' lang='lat' dir='ltr'><strong>aufer·</strong></span> 
     </span>
     <span class='ocr_line' id='line_1_24' title="bbox 233 2366 1367 2456; baseline 0 -19"><span class='ocrx_word' id='word_1_198' title='bbox 233 2378 314 2452; x_wconf 87' lang='lat' dir='ltr'><strong>rent,</strong></span> <span class='ocrx_word' id='word_1_199' title='bbox 329 2370 394 2433; x_wconf 90' lang='lat' dir='ltr'><strong>inte</strong></span> <span class='ocrx_word' id='word_1_200' title='bbox 436 2389 509 2433; x_wconf 89' lang='lat' dir='ltr'><strong>cere</strong></span> <span class='ocrx_word' id='word_1_201' title='bbox 523 2389 582 2431; x_wconf 89' lang='lat' dir='ltr'><strong>nos</strong></span> <span class='ocrx_word' id='word_1_202' title='bbox 594 2367 793 2453; x_wconf 87' lang='lat' dir='ltr'><strong>cogitabant;</strong></span> <span class='ocrx_word' id='word_1_203' title='bbox 808 2391 906 2452; x_wconf 89' lang='lat' dir='ltr'><strong>mare,</strong></span> <span class='ocrx_word' id='word_1_204' title='bbox 918 2392 958 2436; x_wconf 90' lang='lat' dir='ltr'><strong>ne</strong></span> <span class='ocrx_word' id='word_1_205' title='bbox 970 2369 1186 2456; x_wconf 83' lang='lat' dir='ltr'><strong>effugeremus</strong></span> <span class='ocrx_word' id='word_1_206' title='bbox 1211 2366 1367 2436; x_wconf 87' lang='lat' dir='ltr'><strong>fluctibus</strong></span> 
     </span>
     <span class='ocr_line' id='line_1_25' title="bbox 233 2417 1368 2542; baseline -0.002 -20"><span class='ocrx_word' id='word_1_207' title='bbox 233 2453 411 2522; x_wconf 87' lang='lat' dir='ltr'><strong>aestuabat.</strong></span> <span class='ocrx_word' id='word_1_208' title='bbox 446 2451 532 2518; x_wconf 79' lang='lat' dir='ltr'><strong>Tum</strong></span> <span class='ocrx_word' id='word_1_209' title='bbox 552 2473 726 2518; x_wconf 89' lang='lat' dir='ltr'><strong>conversus</strong></span> <span class='ocrx_word' id='word_1_210' title='bbox 744 2452 787 2519; x_wconf 92' lang='lat' dir='ltr'><strong>ad</strong></span> <span class='ocrx_word' id='word_1_211' title='bbox 802 2453 980 2539; x_wconf 88' lang='lat' dir='ltr'><strong>ecclesiam,</strong></span> <span class='ocrx_word' id='word_1_212' title='bbox 996 2477 1094 2542; x_wconf 89' lang='lat' dir='ltr'><strong>quam</strong></span> <span class='ocrx_word' id='word_1_213' title='bbox 1109 2417 1271 2537; x_wconf 88' lang='lat' dir='ltr'><strong>videbam,</strong></span> <span class='ocrx_word' id='word_1_214' title='bbox 1284 2451 1368 2520; x_wconf 87' lang='lat' dir='ltr'><strong>flens</strong></span> 
     </span>
     <span class='ocr_line' id='line_1_26' title="bbox 235 2535 1366 2628; baseline -0.003 -21"><span class='ocrx_word' id='word_1_215' title='bbox 235 2549 267 2607; x_wconf 88' lang='lat' dir='ltr'><strong>et</strong></span> <span class='ocrx_word' id='word_1_216' title='bbox 289 2538 410 2625; x_wconf 76' lang='lat' dir='ltr'><strong>eiulans</strong></span> <span class='ocrx_word' id='word_1_217' title='bbox 432 2539 580 2624; x_wconf 89' lang='lat' dir='ltr'><strong>inquam:</strong></span> <span class='ocrx_word' id='word_1_218' title='bbox 612 2535 741 2603; x_wconf 87' lang='lat' dir='ltr'><strong>‘Sancte</strong></span> <span class='ocrx_word' id='word_1_219' title='bbox 763 2536 895 2606; x_wconf 85' lang='lat' dir='ltr'><strong>Andrea</strong></span> <span class='ocrx_word' id='word_1_220' title='bbox 922 2537 1077 2628; x_wconf 86' lang='lat' dir='ltr'><strong>apostole,</strong></span> <span class='ocrx_word' id='word_1_221' title='bbox 1108 2539 1366 2626; x_wconf 85' lang='lat' dir='ltr'><strong>compiscatoris,</strong></span> 
     </span>
     <span class='ocr_line' id='line_1_27' title="bbox 235 2620 1367 2710; baseline 0.001 -21"><span class='ocrx_word' id='word_1_222' title='bbox 235 2624 403 2690; x_wconf 80' lang='lat' dir='ltr'><strong>confratris</strong></span> <span class='ocrx_word' id='word_1_223' title='bbox 425 2633 457 2689; x_wconf 91' lang='lat' dir='ltr'><strong>et</strong></span> <span class='ocrx_word' id='word_1_224' title='bbox 480 2620 658 2710; x_wconf 89' lang='lat' dir='ltr'><strong>coapostoli</strong></span> <span class='ocrx_word' id='word_1_225' title='bbox 672 2623 720 2688; x_wconf 90' lang='lat' dir='ltr'><strong>tui</strong></span> <span class='ocrx_word' id='word_1_226' title='bbox 736 2621 877 2690; x_wconf 86' lang='lat' dir='ltr'><strong>Simonis</strong></span> <span class='ocrx_word' id='word_1_227' title='bbox 892 2625 981 2691; x_wconf 85' lang='lat' dir='ltr'><strong>Petri</strong></span> <span class='ocrx_word' id='word_1_228' title='bbox 995 2646 1069 2690; x_wconf 90' lang='lat' dir='ltr'><strong>sum</strong></span> <span class='ocrx_word' id='word_1_229' title='bbox 1083 2644 1208 2689; x_wconf 87' lang='lat' dir='ltr'><strong>servus.</strong></span> <span class='ocrx_word' id='word_1_230' title='bbox 1238 2623 1367 2690; x_wconf 87' lang='lat' dir='ltr'><strong>Passio·</strong></span> 
     </span>
     <span class='ocr_line' id='line_1_28' title="bbox 234 2706 1366 2798; baseline 0 -23"><span class='ocrx_word' id='word_1_231' title='bbox 234 2710 285 2775; x_wconf 91' lang='lat' dir='ltr'><strong>nis</strong></span> <span class='ocrx_word' id='word_1_232' title='bbox 306 2719 381 2774; x_wconf 86' lang='lat' dir='ltr'><strong>tuae</strong></span> <span class='ocrx_word' id='word_1_233' title='bbox 403 2706 511 2774; x_wconf 88' lang='lat' dir='ltr'><strong>locum</strong></span> <span class='ocrx_word' id='word_1_234' title='bbox 532 2729 598 2773; x_wconf 91' lang='lat' dir='ltr'><strong>non</strong></span> <span class='ocrx_word' id='word_1_235' title='bbox 612 2706 773 2791; x_wconf 89' lang='lat' dir='ltr'><strong>abhorrui,</strong></span> <span class='ocrx_word' id='word_1_236' title='bbox 795 2731 856 2775; x_wconf 87' lang='lat' dir='ltr'><strong>nco</strong></span> <span class='ocrx_word' id='word_1_237' title='bbox 871 2709 1023 2798; x_wconf 85' lang='lat' dir='ltr'><strong>superbis</strong></span> <span class='ocrx_word' id='word_1_238' title='bbox 1038 2707 1210 2793; x_wconf 74' lang='lat' dir='ltr'><strong>declinavi,</strong></span> <span class='ocrx_word' id='word_1_239' title='bbox 1233 2708 1299 2775; x_wconf 90' lang='lat' dir='ltr'><strong>urit</strong></span> <span class='ocrx_word' id='word_1_240' title='bbox 1312 2729 1366 2775; x_wconf 89' lang='lat' dir='ltr'><strong>me</strong></span> 
     </span>
     <span class='ocr_line' id='line_1_29' title="bbox 235 2789 1366 2882; baseline 0.001 -22"><span class='ocrx_word' id='word_1_241' title='bbox 235 2794 365 2860; x_wconf 93' lang='lat' dir='ltr'><strong>domum</strong></span> <span class='ocrx_word' id='word_1_242' title='bbox 387 2789 543 2860; x_wconf 90' lang='lat' dir='ltr'><strong>redeundi</strong></span> <span class='ocrx_word' id='word_1_243' title='bbox 563 2790 740 2879; x_wconf 87' lang='lat' dir='ltr'><strong>augustalis</strong></span> <span class='ocrx_word' id='word_1_244' title='bbox 768 2794 868 2860; x_wconf 91' lang='lat' dir='ltr'><strong>iussio</strong></span> <span class='ocrx_word' id='word_1_245' title='bbox 877 2795 902 2878; x_wconf 76' lang='lat'><strong>⁴¹,</strong></span> <span class='ocrx_word' id='word_1_246' title='bbox 929 2793 1107 2882; x_wconf 84' lang='lat' dir='ltr'><strong>augustalis</strong></span> <span class='ocrx_word' id='word_1_247' title='bbox 1128 2814 1229 2860; x_wconf 91' lang='lat' dir='ltr'><strong>amor.</strong></span> <span class='ocrx_word' id='word_1_248' title='bbox 1274 2790 1312 2860; x_wconf 90' lang='lat' dir='ltr'><strong>Si</strong></span> <span class='ocrx_word' id='word_1_249' title='bbox 1333 2801 1366 2861; x_wconf 84' lang='lat' dir='ltr'><strong>ts</strong></span> 
     </span>
     <span class='ocr_line' id='line_1_30' title="bbox 235 2876 1366 2967; baseline 0.001 -24"><span class='ocrx_word' id='word_1_250' title='bbox 235 2877 277 2943; x_wconf 92' lang='lat' dir='ltr'><strong>ad</strong></span> <span class='ocrx_word' id='word_1_251' title='bbox 299 2877 366 2943; x_wconf 90' lang='lat' dir='ltr'><strong>indi</strong></span> <span class='ocrx_word' id='word_1_252' title='bbox 412 2879 552 2944; x_wconf 88' lang='lat' dir='ltr'><strong>ationem</strong></span> <span class='ocrx_word' id='word_1_253' title='bbox 574 2879 749 2943; x_wconf 90' lang='lat' dir='ltr'><strong>commovit</strong></span> <span class='ocrx_word' id='word_1_254' title='bbox 770 2889 940 2967; x_wconf 90' lang='lat' dir='ltr'><strong>peccatum</strong></span> <span class='ocrx_word' id='word_1_255' title='bbox 967 2902 1085 2959; x_wconf 89' lang='lat' dir='ltr'><strong>meum,</strong></span> <span class='ocrx_word' id='word_1_256' title='bbox 1113 2876 1221 2945; x_wconf 91' lang='lat' dir='ltr'><strong>eliciat</strong></span> <span class='ocrx_word' id='word_1_257' title='bbox 1242 2876 1285 2944; x_wconf 89' lang='lat' dir='ltr'><strong>ad</strong></span> <span class='ocrx_word' id='word_1_258' title='bbox 1306 2880 1366 2944; x_wconf 91' lang='lat' dir='ltr'><strong>mi·</strong></span> 
     </span>
     <span class='ocr_line' id='line_1_31' title="bbox 236 2901 1366 3052; baseline 0.002 -24"><span class='ocrx_word' id='word_1_259' title='bbox 236 2901 443 3029; x_wconf 57' lang='lat' dir='ltr'><strong>senoorrddm</strong></span> <span class='ocrx_word' id='word_1_260' title='bbox 464 2984 610 3028; x_wconf 92' lang='lat' dir='ltr'><strong>meorum</strong></span> <span class='ocrx_word' id='word_1_261' title='bbox 631 2964 780 3029; x_wconf 89' lang='lat' dir='ltr'><strong>meritum</strong></span> <span class='ocrx_word' id='word_1_262' title='bbox 803 2976 1025 3052; x_wconf 87' lang='lat' dir='ltr'><strong>augustorum.</strong></span> <span class='ocrx_word' id='word_1_263' title='bbox 1058 2965 1132 3030; x_wconf 90' lang='lat' dir='ltr'><strong>Non</strong></span> <span class='ocrx_word' id='word_1_264' title='bbox 1146 2962 1257 3046; x_wconf 88' lang='lat' dir='ltr'><strong>habes,</strong></span> <span class='ocrx_word' id='word_1_265' title='bbox 1275 2961 1366 3030; x_wconf 85' lang='lat' dir='ltr'><strong>fratri</strong></span> 
     </span>
     <span class='ocr_line' id='line_1_32' title="bbox 237 3046 1366 3137; baseline 0.004 -25"><span class='ocrx_word' id='word_1_266' title='bbox 237 3047 324 3136; x_wconf 92' lang='lat' dir='ltr'><strong>quod</strong></span> <span class='ocrx_word' id='word_1_267' title='bbox 354 3047 513 3129; x_wconf 73' lang='lat' dir='ltr'><strong>conferas,</strong></span> <span class='ocrx_word' id='word_1_268' title='bbox 543 3047 651 3114; x_wconf 84' lang='lat' dir='ltr'><strong>confer</strong></span> <span class='ocrx_word' id='word_1_269' title='bbox 679 3046 886 3137; x_wconf 84' lang='lat' dir='ltr'><strong>diligentibus</strong></span> <span class='ocrx_word' id='word_1_270' title='bbox 915 3049 1045 3116; x_wconf 84' lang='lat' dir='ltr'><strong>fratrem</strong></span> <span class='ocrx_word' id='word_1_271' title='bbox 1071 3049 1240 3136; x_wconf 74' lang='lat' dir='ltr'><strong>augustis,</strong></span> <span class='ocrx_word' id='word_1_272' title='bbox 1257 3047 1366 3117; x_wconf 84' lang='lat' dir='ltr'><strong>inhae-</strong></span> 
     </span>
     <span class='ocr_line' id='line_1_33' title="bbox 235 3131 1366 3223; baseline 0.004 -26"><span class='ocrx_word' id='word_1_273' title='bbox 235 3131 335 3199; x_wconf 91' lang='lat' dir='ltr'><strong>rendo</strong></span> <span class='ocrx_word' id='word_1_274' title='bbox 358 3133 387 3198; x_wconf 90' lang='lat' dir='ltr'><strong>ei</strong></span> <span class='ocrx_word' id='word_1_275' title='bbox 411 3134 466 3220; x_wconf 90' lang='lat' dir='ltr'><strong>qui</strong></span> <span class='ocrx_word' id='word_1_276' title='bbox 489 3135 595 3199; x_wconf 90' lang='lat' dir='ltr'><strong>omnia</strong></span> <span class='ocrx_word' id='word_1_277' title='bbox 616 3135 714 3199; x_wconf 90' lang='lat' dir='ltr'><strong>novit.</strong></span> <span class='ocrx_word' id='word_1_278' title='bbox 750 3135 844 3202; x_wconf 89' lang='lat' dir='ltr'><strong>Nosti</strong></span> <span class='ocrx_word' id='word_1_279' title='bbox 866 3148 910 3217; x_wconf 91' lang='lat' dir='ltr'><strong>tu,</strong></span> <span class='ocrx_word' id='word_1_280' title='bbox 934 3146 1053 3223; x_wconf 83' lang='lat' dir='ltr'><strong>quanto</strong></span> <span class='ocrx_word' id='word_1_281' title='bbox 1075 3133 1185 3201; x_wconf 90' lang='lat' dir='ltr'><strong>labore</strong></span> <span class='ocrx_word' id='word_1_282' title='bbox 1200 3145 1232 3200; x_wconf 92' lang='lat' dir='ltr'><strong>et</strong></span> <span class='ocrx_word' id='word_1_283' title='bbox 1246 3132 1366 3201; x_wconf 84' lang='lat' dir='ltr'><strong>sudore</strong></span> 
     </span>
     <span class='ocr_line' id='line_1_34' title="bbox 236 3216 1366 3320; baseline 0.002 -38"><span class='ocrx_word' id='word_1_284' title='bbox 236 3218 429 3305; x_wconf 88' lang='lat' dir='ltr'><strong>quantisque</strong></span> <span class='ocrx_word' id='word_1_285' title='bbox 461 3216 579 3305; x_wconf 89' lang='lat' dir='ltr'><strong>vigiliis</strong></span> <span class='ocrx_word' id='word_1_286' title='bbox 608 3228 640 3284; x_wconf 91' lang='lat' dir='ltr'><strong>et</strong></span> <span class='ocrx_word' id='word_1_287' title='bbox 673 3219 825 3320; x_wconf 78' lang='lat' dir='ltr'><strong>impensis</strong></span> <span class='ocrx_word' id='word_1_288' title='bbox 854 3220 1034 3287; x_wconf 85' lang='lat' dir='ltr'><strong>Romanam</strong></span> <span class='ocrx_word' id='word_1_289' title='bbox 1067 3219 1172 3286; x_wconf 84' lang='lat' dir='ltr'><strong>fratris</strong></span> <span class='ocrx_word' id='word_1_290' title='bbox 1202 3218 1249 3284; x_wconf 91' lang='lat' dir='ltr'><strong>tui</strong></span> <span class='ocrx_word' id='word_1_291' title='bbox 1277 3217 1366 3284; x_wconf 84' lang='lat' dir='ltr'><strong>Petri</strong></span> 
     </span>
    </p>
   </div>
   <div class='ocr_carea' id='block_1_3' title="bbox 113 944 225 989">
    <p class='ocr_par' dir='ltr' id='par_1_6' title="bbox 113 944 225 989">
     <span class='ocr_line' id='line_1_35' title="bbox 113 944 225 989; baseline 0.009 -1"><span class='ocrx_word' id='word_1_292' title='bbox 113 944 172 989; x_wconf 70' lang='lat' dir='ltr'><strong>llos.</strong></span> <span class='ocrx_word' id='word_1_293' title='bbox 187 944 225 989; x_wconf 68' lang='lat'><strong>88.</strong></span> 
     </span>
    </p>
   </div>
   <div class='ocr_carea' id='block_1_4' title="bbox 235 3300 1366 3648">
    <p class='ocr_par' dir='ltr' id='par_1_7' title="bbox 235 3300 1366 3648">
     <span class='ocr_line' id='line_1_36' title="bbox 236 3300 1366 3402; baseline 0.003 -35"><span class='ocrx_word' id='word_1_294' title='bbox 236 3300 373 3402; x_wconf 85' lang='lat' dir='ltr'><strong>apostoli</strong></span> <span class='ocrx_word' id='word_1_295' title='bbox 402 3300 588 3386; x_wconf 86' lang='lat' dir='ltr'><strong>ecclesiam,</strong></span> <span class='ocrx_word' id='word_1_296' title='bbox 616 3325 659 3369; x_wconf 85' lang='lat' dir='ltr'><strong>ex</strong></span> <span class='ocrx_word' id='word_1_297' title='bbox 684 3326 858 3393; x_wconf 84' lang='lat' dir='ltr'><strong>rmprorum</strong></span> <span class='ocrx_word' id='word_1_298' title='bbox 884 3304 1035 3371; x_wconf 88' lang='lat' dir='ltr'><strong>manibus</strong></span> <span class='ocrx_word' id='word_1_299' title='bbox 1060 3315 1221 3392; x_wconf 88' lang='lat' dir='ltr'><strong>ereptam,</strong></span> <span class='ocrx_word' id='word_1_300' title='bbox 1244 3301 1366 3370; x_wconf 88' lang='lat' dir='ltr'><strong>ditave-</strong></span> 
     </span>
     <span class='ocr_line' id='line_1_37' title="bbox 236 3386 1366 3490; baseline 0.004 -39"><span class='ocrx_word' id='word_1_301' title='bbox 236 3397 309 3468; x_wconf 89' lang='lat' dir='ltr'><strong>rmt,</strong></span> <span class='ocrx_word' id='word_1_302' title='bbox 331 3386 564 3471; x_wconf 89' lang='lat' dir='ltr'><strong>honoraverint,</strong></span> <span class='ocrx_word' id='word_1_303' title='bbox 588 3387 806 3474; x_wconf 85' lang='lat' dir='ltr'><strong>exaltaverint,</strong></span> <span class='ocrx_word' id='word_1_304' title='bbox 828 3401 861 3457; x_wconf 87' lang='lat' dir='ltr'><strong>et</strong></span> <span class='ocrx_word' id='word_1_305' title='bbox 883 3392 915 3456; x_wconf 90' lang='lat' dir='ltr'><strong>in</strong></span> <span class='ocrx_word' id='word_1_306' title='bbox 937 3400 1056 3457; x_wconf 87' lang='lat' dir='ltr'><strong>statum</strong></span> <span class='ocrx_word' id='word_1_307' title='bbox 1074 3389 1245 3490; x_wconf 89' lang='lat' dir='ltr'><strong>proprium</strong></span> <span class='ocrx_word' id='word_1_308' title='bbox 1267 3386 1366 3455; x_wconf 84' lang='lat' dir='ltr'><strong>refor-</strong></span> 
     </span>
     <span class='ocr_line' id='line_1_38' title="bbox 236 3470 1366 3563; baseline 0.003 -27"><span class='ocrx_word' id='word_1_309' title='bbox 236 3472 404 3538; x_wconf 90' lang='lat' dir='ltr'><strong>maverint.</strong></span> <span class='ocrx_word' id='word_1_310' title='bbox 453 3470 489 3538; x_wconf 86' lang='lat' dir='ltr'><strong>Si</strong></span> <span class='ocrx_word' id='word_1_311' title='bbox 517 3493 589 3538; x_wconf 87' lang='lat' dir='ltr'><strong>mea</strong></span> <span class='ocrx_word' id='word_1_312' title='bbox 619 3496 671 3540; x_wconf 89' lang='lat' dir='ltr'><strong>me</strong></span> <span class='ocrx_word' id='word_1_313' title='bbox 702 3475 895 3563; x_wconf 91' lang='lat' dir='ltr'><strong>precipitant</strong></span> <span class='ocrx_word' id='word_1_314' title='bbox 928 3496 1040 3563; x_wconf 86' lang='lat' dir='ltr'><strong>opera,</strong></span> <span class='ocrx_word' id='word_1_315' title='bbox 1073 3495 1218 3563; x_wconf 78' lang='lat' dir='ltr'><strong>ipsorum</strong></span> <span class='ocrx_word' id='word_1_316' title='bbox 1250 3470 1366 3539; x_wconf 88' lang='lat' dir='ltr'><strong>saltem</strong></span> 
     </span>
     <span class='ocr_line' id='line_1_39' title="bbox 235 3554 1365 3648; baseline 0.004 -27"><span class='ocrx_word' id='word_1_317' title='bbox 235 3554 371 3622; x_wconf 89' lang='lat' dir='ltr'><strong>liberent</strong></span> <span class='ocrx_word' id='word_1_318' title='bbox 392 3558 519 3640; x_wconf 76' lang='lat' dir='ltr'><strong>merita,</strong></span> <span class='ocrx_word' id='word_1_319' title='bbox 543 3578 687 3646; x_wconf 88' lang='lat' dir='ltr'><strong>quosque</strong></span> <span class='ocrx_word' id='word_1_320' title='bbox 708 3558 777 3625; x_wconf 92' lang='lat' dir='ltr'><strong>vult</strong></span> <span class='ocrx_word' id='word_1_321' title='bbox 798 3560 962 3648; x_wconf 90' lang='lat' dir='ltr'><strong>predictus</strong></span> <span class='ocrx_word' id='word_1_322' title='bbox 984 3560 1049 3626; x_wconf 88' lang='lat' dir='ltr'><strong>fide</strong></span> <span class='ocrx_word' id='word_1_323' title='bbox 1070 3569 1103 3626; x_wconf 87' lang='lat' dir='ltr'><strong>et</strong></span> <span class='ocrx_word' id='word_1_324' title='bbox 1124 3558 1280 3648; x_wconf 83' lang='lat' dir='ltr'><strong>sanguine</strong></span> <span class='ocrx_word' id='word_1_325' title='bbox 1301 3556 1365 3625; x_wconf 80' lang='lat' dir='ltr'><strong>fra·</strong></span> 
     </span>
    </p>
   </div>
   <div class='ocr_carea' id='block_1_5' title="bbox 235 3639 1365 3987">
    <p class='ocr_par' dir='ltr' id='par_1_8' title="bbox 235 3639 1365 3894">
     <span class='ocr_line' id='line_1_40' title="bbox 236 3639 1365 3732; baseline 0.003 -26"><span class='ocrx_word' id='word_1_326' title='bbox 236 3650 284 3707; x_wconf 89' lang='lat' dir='ltr'><strong>ter</strong></span> <span class='ocrx_word' id='word_1_327' title='bbox 308 3653 391 3725; x_wconf 89' lang='lat' dir='ltr'><strong>tuus,</strong></span> <span class='ocrx_word' id='word_1_328' title='bbox 413 3639 630 3729; x_wconf 90' lang='lat' dir='ltr'><strong>apostolorum</strong></span> <span class='ocrx_word' id='word_1_329' title='bbox 646 3643 797 3732; x_wconf 89' lang='lat' dir='ltr'><strong>princeps</strong></span> <span class='ocrx_word' id='word_1_330' title='bbox 813 3665 832 3709; x_wconf 87' lang='lat' dir='ltr'><strong>a</strong></span> <span class='ocrx_word' id='word_1_331' title='bbox 856 3644 978 3712; x_wconf 88' lang='lat' dir='ltr'><strong>ostolus</strong></span> <span class='ocrx_word' id='word_1_332' title='bbox 992 3647 1117 3728; x_wconf 89' lang='lat' dir='ltr'><strong>Petrus,</strong></span> <span class='ocrx_word' id='word_1_333' title='bbox 1132 3646 1167 3710; x_wconf 90' lang='lat' dir='ltr'><strong>in</strong></span> <span class='ocrx_word' id='word_1_334' title='bbox 1180 3642 1252 3710; x_wconf 87' lang='lat' dir='ltr'><strong>aliis</strong></span> <span class='ocrx_word' id='word_1_335' title='bbox 1266 3641 1365 3710; x_wconf 86' lang='lat' dir='ltr'><strong>rebus</strong></span> 
     </span>
     <span class='ocr_line' id='line_1_41' title="bbox 236 3668 1365 3818; baseline 0.004 -28"><span class='ocrx_word' id='word_1_336' title='bbox 236 3724 378 3813; x_wconf 89' lang='lat' dir='ltr'><strong>gaudere</strong></span> <span class='ocrx_word' id='word_1_337' title='bbox 400 3736 432 3793; x_wconf 90' lang='lat' dir='ltr'><strong>et</strong></span> <span class='ocrx_word' id='word_1_338' title='bbox 450 3728 641 3814; x_wconf 85' lang='lat' dir='ltr'><strong>prosperari,</strong></span> <span class='ocrx_word' id='word_1_339' title='bbox 663 3727 696 3791; x_wconf 93' lang='lat' dir='ltr'><strong>in</strong></span> <span class='ocrx_word' id='word_1_340' title='bbox 710 3728 782 3811; x_wconf 86' lang='lat' dir='ltr'><strong>hac,</strong></span> <span class='ocrx_word' id='word_1_341' title='bbox 804 3668 901 3797; x_wconf 77' lang='lat' dir='ltr'><strong>idpest</strong></span> <span class='ocrx_word' id='word_1_342' title='bbox 915 3732 949 3796; x_wconf 93' lang='lat' dir='ltr'><strong>in</strong></span> <span class='ocrx_word' id='word_1_343' title='bbox 963 3752 1024 3814; x_wconf 91' lang='lat' dir='ltr'><strong>me,</strong></span> <span class='ocrx_word' id='word_1_344' title='bbox 1047 3752 1145 3818; x_wconf 89' lang='lat' dir='ltr'><strong>quem</strong></span> <span class='ocrx_word' id='word_1_345' title='bbox 1159 3729 1223 3818; x_wconf 89' lang='lat' dir='ltr'><strong>ipsi</strong></span> <span class='ocrx_word' id='word_1_346' title='bbox 1237 3725 1365 3795; x_wconf 84' lang='lat' dir='ltr'><strong>direxs-</strong></span> 
     </span>
     <span class='ocr_line' id='line_1_42' title="bbox 235 3811 695 3894; baseline 0.002 -20"><span class='ocrx_word' id='word_1_347' title='bbox 235 3820 317 3894; x_wconf 86' lang='lat' dir='ltr'><strong>rant,</strong></span> <span class='ocrx_word' id='word_1_348' title='bbox 339 3811 470 3876; x_wconf 91' lang='lat' dir='ltr'><strong>minime</strong></span> <span class='ocrx_word' id='word_1_349' title='bbox 492 3811 695 3878; x_wconf 78' lang='lat' dir='ltr'><strong>contristari!</strong></span> 
     </span>
    </p>

    <p class='ocr_par' dir='ltr' id='par_1_9' title="bbox 322 3896 1364 3987">
     <span class='ocr_line' id='line_1_43' title="bbox 322 3896 1364 3987; baseline 0.002 -26"><span class='ocrx_word' id='word_1_350' title='bbox 322 3897 373 3961; x_wconf 88' lang='lat'><strong>61.</strong></span> <span class='ocrx_word' id='word_1_351' title='bbox 417 3897 491 3961; x_wconf 88' lang='lat' dir='ltr'><strong>Non</strong></span> <span class='ocrx_word' id='word_1_352' title='bbox 519 3907 575 3980; x_wconf 89' lang='lat' dir='ltr'><strong>est,</strong></span> <span class='ocrx_word' id='word_1_353' title='bbox 603 3896 725 3962; x_wconf 91' lang='lat' dir='ltr'><strong>domini</strong></span> <span class='ocrx_word' id='word_1_354' title='bbox 754 3901 817 3964; x_wconf 88' lang='lat' dir='ltr'><strong>mei</strong></span> <span class='ocrx_word' id='word_1_355' title='bbox 843 3902 974 3986; x_wconf 88' lang='lat' dir='ltr'><strong>augusti</strong></span> <span class='ocrx_word' id='word_1_356' title='bbox 1002 3901 1220 3987; x_wconf 88' lang='lat' dir='ltr'><strong>imperatores,</strong></span> <span class='ocrx_word' id='word_1_357' title='bbox 1248 3918 1364 3963; x_wconf 86' lang='lat' dir='ltr'><strong>verum</strong></span> 
     </span>
    </p>
   </div>
   <div class='ocr_carea' id='block_1_6' title="bbox 236 4022 1364 4124">
    <p class='ocr_par' dir='ltr' id='par_1_10' title="bbox 236 4022 1364 4124">
     <span class='ocr_line' id='line_1_44' title="bbox 236 4022 1364 4079; baseline 0.002 -14"><span class='ocrx_word' id='word_1_358' title='bbox 236 4023 259 4076; x_wconf 79' lang='lat' dir='ltr'><strong>a)</strong></span> <span class='ocrx_word' id='word_1_359' title='bbox 274 4024 305 4066; x_wconf 79' lang='lat' dir='ltr'><strong>al.</strong></span> <span class='ocrx_word' id='word_1_360' title='bbox 321 4022 450 4074; x_wconf 78' lang='lat' dir='ltr'><strong>Opbidarin</strong></span> <span class='ocrx_word' id='word_1_361' title='bbox 467 4025 489 4065; x_wconf 83' lang='lat'><strong>0.</strong></span> <span class='ocrx_word' id='word_1_362' title='bbox 560 4024 583 4076; x_wconf 88' lang='lat' dir='ltr'><strong>b)</strong></span> <span class='ocrx_word' id='word_1_363' title='bbox 601 4030 626 4067; x_wconf 92' lang='lat' dir='ltr'><strong>ut</strong></span> <span class='ocrx_word' id='word_1_364' title='bbox 641 4026 665 4067; x_wconf 80' lang='lat' dir='ltr'><strong>O.</strong></span> <span class='ocrx_word' id='word_1_365' title='bbox 682 4037 734 4068; x_wconf 87' lang='lat' dir='ltr'><strong>cum</strong></span> <span class='ocrx_word' id='word_1_366' title='bbox 751 4027 807 4067; x_wconf 63' lang='lat' dir='ltr'><strong>[lies.</strong></span> <span class='ocrx_word' id='word_1_367' title='bbox 876 4028 897 4079; x_wconf 86' lang='lat' dir='ltr'><strong>o)</strong></span> <span class='ocrx_word' id='word_1_368' title='bbox 915 4027 1018 4070; x_wconf 76' lang='lat' dir='ltr'><strong>Otlldaro</strong></span> <span class='ocrx_word' id='word_1_369' title='bbox 1035 4029 1058 4068; x_wconf 77' lang='lat' dir='ltr'><strong>O.</strong></span> <span class='ocrx_word' id='word_1_370' title='bbox 1124 4024 1148 4078; x_wconf 90' lang='lat' dir='ltr'><strong>d)</strong></span> <span class='ocrx_word' id='word_1_371' title='bbox 1165 4027 1196 4066; x_wconf 78' lang='lat' dir='ltr'><strong>ua</strong></span> <span class='ocrx_word' id='word_1_372' title='bbox 1211 4026 1364 4076; x_wconf 64' lang='lat' dir='ltr'><strong>corripendum</strong></span> 
     </span>
     <span class='ocr_line' id='line_1_45' title="bbox 236 4082 470 4124; baseline 0 0"><span class='ocrx_word' id='word_1_373' title='bbox 236 4082 357 4124; x_wconf 68' lang='lat' dir='ltr'><strong>vaomar.</strong></span> <span class='ocrx_word' id='word_1_374' title='bbox 373 4084 432 4124; x_wconf 88' lang='lat' dir='ltr'><strong>vtslo</strong></span> <span class='ocrx_word' id='word_1_375' title='bbox 448 4083 470 4124; x_wconf 82' lang='lat'><strong>0.</strong></span> 
     </span>
    </p>
   </div>
   <div class='ocr_carea' id='block_1_7' title="bbox 237 4195 1367 4342">
    <p class='ocr_par' dir='ltr' id='par_1_11' title="bbox 237 4195 1367 4342">
     <span class='ocr_line' id='line_1_46' title="bbox 238 4195 1367 4271; baseline 0.007 -24"><span class='ocrx_word' id='word_1_376' title='bbox 238 4195 267 4264; x_wconf 90' lang='lat'><strong>1)</strong></span> <span class='ocrx_word' id='word_1_377' title='bbox 287 4197 356 4250; x_wconf 79' lang='lat' dir='ltr'><strong>Eun.</strong></span> <span class='ocrx_word' id='word_1_378' title='bbox 376 4198 423 4262; x_wconf 84' lang='lat' dir='ltr'><strong>IV,</strong></span> <span class='ocrx_word' id='word_1_379' title='bbox 443 4198 468 4262; x_wconf 87' lang='grc'><strong>6,</strong></span> <span class='ocrx_word' id='word_1_380' title='bbox 494 4199 539 4252; x_wconf 78' lang='lat'><strong>32.</strong></span> <span class='ocrx_word' id='word_1_381' title='bbox 615 4201 645 4269; x_wconf 78' lang='grc'><strong>2)</strong></span> <span class='ocrx_word' id='word_1_382' title='bbox 664 4200 806 4266; x_wconf 84' lang='lat' dir='ltr'><strong>Quondam</strong></span> <span class='ocrx_word' id='word_1_383' title='bbox 830 4204 951 4266; x_wconf 78' lang='lat' dir='ltr'><strong>Euenus,</strong></span> <span class='ocrx_word' id='word_1_384' title='bbox 978 4219 1049 4256; x_wconf 86' lang='lat' dir='ltr'><strong>nuuc</strong></span> <span class='ocrx_word' id='word_1_385' title='bbox 1075 4200 1194 4255; x_wconf 87' lang='lat' dir='ltr'><strong>Phidari.</strong></span> <span class='ocrx_word' id='word_1_386' title='bbox 1270 4197 1301 4271; x_wconf 79' lang='lat'><strong>8)</strong></span> <span class='ocrx_word' id='word_1_387' title='bbox 1322 4199 1367 4257; x_wconf 76' lang='lat' dir='ltr'><strong>Of.</strong></span> 
     </span>
     <span class='ocr_line' id='line_1_47' title="bbox 237 4271 796 4342; baseline 0.02 -23"><span class='ocrx_word' id='word_1_388' title='bbox 237 4272 301 4339; x_wconf 78' lang='lat' dir='ltr'><strong>Sap.</strong></span> <span class='ocrx_word' id='word_1_389' title='bbox 323 4272 349 4337; x_wconf 80' lang='lat' dir='ltr'><strong>b,</strong></span> <span class='ocrx_word' id='word_1_390' title='bbox 370 4271 414 4324; x_wconf 77' lang='lat'><strong>21.</strong></span> <span class='ocrx_word' id='word_1_391' title='bbox 489 4273 520 4342; x_wconf 79' lang='lat'><strong>4)</strong></span> <span class='ocrx_word' id='word_1_392' title='bbox 539 4273 592 4327; x_wconf 83' lang='lat' dir='ltr'><strong>Die</strong></span> <span class='ocrx_word' id='word_1_393' title='bbox 614 4275 642 4329; x_wconf 83' lang='lat' dir='ltr'><strong>S.</strong></span> <span class='ocrx_word' id='word_1_394' title='bbox 661 4275 796 4330; x_wconf 79' lang='lat' dir='ltr'><strong>Andreas.</strong></span> 
     </span>
    </p>
   </div>
   <div class='ocr_carea' id='block_1_8' title="bbox 0 0 1470 4718">
    <p class='ocr_par' dir='ltr' id='par_1_12' title="bbox 0 0 1470 4718">
     <span class='ocr_line' id='line_1_48' title="bbox 0 0 1470 4718; baseline 0 0"><span class='ocrx_word' id='word_1_395' title='bbox 0 0 1470 4718; x_wconf 95' lang='lat' dir='ltr'><strong> </strong></span> 
     </span>
    </p>
   </div>
  </div>
 </body>
</html>
