<?xml version="1.0" encoding="UTF-8"?>
<!DOCTYPE html PUBLIC "-//W3C//DTD XHTML 1.0 Transitional//EN"
    "http://www.w3.org/TR/xhtml1/DTD/xhtml1-transitional.dtd">
<html xmlns="http://www.w3.org/1999/xhtml" xml:lang="en" lang="en">
 <head>
  <title>
</title>
<meta http-equiv="Content-Type" content="text/html;charset=utf-8" />
  <meta name='ocr-system' content='tesseract 3.04.00' />
  <meta name='ocr-capabilities' content='ocr_page ocr_carea ocr_par ocr_line ocrx_word'/>
</head>
<body>
  <div class='ocr_page' id='page_1' title='image "./operaomnia00liudgoog_0112.png"; bbox 0 0 2932 4718; ppageno 0'>
   <div class='ocr_carea' id='block_1_1' title="bbox 186 224 1184 288">
    <p class='ocr_par' dir='ltr' id='par_1_1' title="bbox 186 224 1184 288">
     <span class='ocr_line' id='line_1_1' title="bbox 186 224 1184 288; baseline -0.001 -2"><span class='ocrx_word' id='word_1_1' title='bbox 186 233 222 286; x_wconf 85' lang='grc'>86</span> <span class='ocrx_word' id='word_1_2' title='bbox 328 224 559 288; x_wconf 67' lang='lat' dir='ltr'>LIUDPRANDI</span> <span class='ocrx_word' id='word_1_3' title='bbox 578 230 844 287; x_wconf 72' lang='lat' dir='ltr'>mffouosls.</span> <span class='ocrx_word' id='word_1_4' title='bbox 882 229 957 285; x_wconf 71' lang='grc' dir='ltr'><strong>ΜΒ.</strong></span> <span class='ocrx_word' id='word_1_5' title='bbox 976 231 1024 285; x_wconf 84' lang='lat' dir='ltr'>1v.</span> <span class='ocrx_word' id='word_1_6' title='bbox 1065 231 1184 285; x_wconf 72' lang='lat'>14-15.</span> 
     </span>
    </p>
   </div>
   <div class='ocr_carea' id='block_1_2' title="bbox 121 399 1337 2624">
    <p class='ocr_par' dir='ltr' id='par_1_2' title="bbox 121 399 1323 751">
     <span class='ocr_line' id='line_1_2' title="bbox 121 399 1323 587; baseline -0.003 -28"><span class='ocrx_word' id='word_1_7' title='bbox 121 399 628 587; x_wconf 47' lang='lat' dir='ltr'>⁹⁸²·fflffibfflgsslgff‘0„</span> <span class='ocrx_word' id='word_1_8' title='bbox 651 399 1201 572; x_wconf 54' lang='lat' dir='ltr'>,sttttttmtttttlls</span> <span class='ocrx_word' id='word_1_9' title='bbox 1226 399 1323 555; x_wconf 61' lang='lat' dir='ltr'>ild</span> 
     </span>
     <span class='ocr_line' id='line_1_3' title="bbox 185 509 1321 662; baseline -0.003 -20"><span class='ocrx_word' id='word_1_10' title='bbox 185 586 334 659; x_wconf 86' lang='lat' dir='ltr'>matrem,</span> <span class='ocrx_word' id='word_1_11' title='bbox 363 595 438 641; x_wconf 89' lang='lat' dir='ltr'>cum</span> <span class='ocrx_word' id='word_1_12' title='bbox 459 583 524 640; x_wconf 81' lang='lat' dir='ltr'>sint</span> <span class='ocrx_word' id='word_1_13' title='bbox 545 571 611 640; x_wconf 91' lang='lat' dir='ltr'>dno</span> <span class='ocrx_word' id='word_1_14' title='bbox 632 594 745 656; x_wconf 91' lang='lat' dir='ltr'>unum,</span> <span class='ocrx_word' id='word_1_15' title='bbox 775 593 913 640; x_wconf 87' lang='lat' dir='ltr'>uxorem</span> <span class='ocrx_word' id='word_1_16' title='bbox 933 573 1081 662; x_wconf 86' lang='lat' dir='ltr'>accipiat,</span> <span class='ocrx_word' id='word_1_17' title='bbox 1110 571 1199 639; x_wconf 86' lang='lat' dir='ltr'>filius</span> <span class='ocrx_word' id='word_1_18' title='bbox 1220 509 1321 639; x_wconf 73' lang='lat' dir='ltr'>llism</span> 
     </span>
     <span class='ocr_line' id='line_1_4' title="bbox 185 656 1141 751; baseline -0.002 -23"><span class='ocrx_word' id='word_1_19' title='bbox 185 682 251 729; x_wconf 91' lang='lat' dir='ltr'>non</span> <span class='ocrx_word' id='word_1_20' title='bbox 271 661 341 727; x_wconf 87' lang='lat' dir='ltr'>sine</span> <span class='ocrx_word' id='word_1_21' title='bbox 362 668 455 726; x_wconf 86' lang='lat' dir='ltr'>reatu</span> <span class='ocrx_word' id='word_1_22' title='bbox 474 656 584 725; x_wconf 78' lang='lat' dir='ltr'>velent</span> <span class='ocrx_word' id='word_1_23' title='bbox 604 657 667 725; x_wconf 88' lang='lat' dir='ltr'>sibi</span> <span class='ocrx_word' id='word_1_24' title='bbox 687 658 839 747; x_wconf 75' lang='lat' dir='ltr'>coniugio</span> <span class='ocrx_word' id='word_1_25' title='bbox 859 656 1024 747; x_wconf 73' lang='lat' dir='ltr'>copulare.</span> <span class='ocrx_word' id='word_1_26' title='bbox 1136 743 1141 751; x_wconf 29' lang='grc' dir='ltr'>Ι</span> 
     </span>
    </p>

    <p class='ocr_par' dir='ltr' id='par_1_3' title="bbox 151 741 1337 2113">
     <span class='ocr_line' id='line_1_5' title="bbox 151 741 1321 833; baseline 0.001 -22"><span class='ocrx_word' id='word_1_27' title='bbox 151 755 152 758; x_wconf 76' lang='grc'>’</span> <span class='ocrx_word' id='word_1_28' title='bbox 274 745 323 811; x_wconf 90' lang='grc'>14.</span> <span class='ocrx_word' id='word_1_29' title='bbox 365 742 488 832; x_wconf 76' lang='lat' dir='ltr'>Bago·</span> <span class='ocrx_word' id='word_1_30' title='bbox 513 743 655 832; x_wconf 87' lang='lat' dir='ltr'>danique</span> <span class='ocrx_word' id='word_1_31' title='bbox 681 742 856 811; x_wconf 80' lang='lat' dir='ltr'>multorum</span> <span class='ocrx_word' id='word_1_32' title='bbox 886 743 1143 812; x_wconf 78' lang='lat' dir='ltr'>concubinarum</span> <span class='ocrx_word' id='word_1_33' title='bbox 1164 741 1321 833; x_wconf 80' lang='lat' dir='ltr'>deceptus</span> 
     </span>
     <span class='ocr_line' id='line_1_6' title="bbox 184 827 1323 918; baseline -0.001 -21"><span class='ocrx_word' id='word_1_34' title='bbox 184 827 374 912; x_wconf 85' lang='lat' dir='ltr'>inlecebris,</span> <span class='ocrx_word' id='word_1_35' title='bbox 406 828 566 918; x_wconf 83' lang='lat' dir='ltr'>prefatam</span> <span class='ocrx_word' id='word_1_36' title='bbox 597 829 769 917; x_wconf 82' lang='lat' dir='ltr'>coniugem</span> <span class='ocrx_word' id='word_1_37' title='bbox 801 851 895 896; x_wconf 84' lang='lat' dir='ltr'>suam</span> <span class='ocrx_word' id='word_1_38' title='bbox 922 828 1056 898; x_wconf 88' lang='lat' dir='ltr'>Bertam</span> <span class='ocrx_word' id='word_1_39' title='bbox 1088 828 1229 898; x_wconf 86' lang='lat' dir='ltr'>maritali</span> <span class='ocrx_word' id='word_1_40' title='bbox 1256 849 1323 896; x_wconf 89' lang='lat' dir='ltr'>non</span> 
     </span>
     <span class='ocr_line' id='line_1_7' title="bbox 185 912 1323 1004; baseline 0.001 -21"><span class='ocrx_word' id='word_1_41' title='bbox 185 914 293 983; x_wconf 89' lang='lat' dir='ltr'>solum</span> <span class='ocrx_word' id='word_1_42' title='bbox 313 936 382 981; x_wconf 90' lang='lat' dir='ltr'>non</span> <span class='ocrx_word' id='word_1_43' title='bbox 401 916 489 1004; x_wconf 71' lang='lat' dir='ltr'>cepit</span> <span class='ocrx_word' id='word_1_44' title='bbox 509 935 620 982; x_wconf 87' lang='lat' dir='ltr'>amore</span> <span class='ocrx_word' id='word_1_45' title='bbox 642 912 788 1002; x_wconf 75' lang='lat' dir='ltr'>diligere,</span> <span class='ocrx_word' id='word_1_46' title='bbox 810 936 926 981; x_wconf 89' lang='lat' dir='ltr'>verum</span> <span class='ocrx_word' id='word_1_47' title='bbox 945 913 1052 981; x_wconf 90' lang='lat' dir='ltr'>modis</span> <span class='ocrx_word' id='word_1_48' title='bbox 1074 914 1225 981; x_wconf 91' lang='lat' dir='ltr'>omnibus</span> <span class='ocrx_word' id='word_1_49' title='bbox 1248 921 1323 984; x_wconf 78' lang='lat' dir='ltr'>exd-</span> 
     </span>
     <span class='ocr_line' id='line_1_8' title="bbox 186 997 1337 1089; baseline 0 -21"><span class='ocrx_word' id='word_1_50' title='bbox 186 1022 295 1087; x_wconf 74' lang='lat' dir='ltr'>crare,</span> <span class='ocrx_word' id='word_1_51' title='bbox 319 999 408 1089; x_wconf 87' lang='lat' dir='ltr'>quod</span> <span class='ocrx_word' id='word_1_52' title='bbox 451 1022 528 1067; x_wconf 89' lang='lat' dir='ltr'>uam</span> <span class='ocrx_word' id='word_1_53' title='bbox 549 999 630 1067; x_wconf 82' lang='lat' dir='ltr'>deus</span> <span class='ocrx_word' id='word_1_54' title='bbox 651 1000 736 1068; x_wconf 86' lang='lat' dir='ltr'>iuste</span> <span class='ocrx_word' id='word_1_55' title='bbox 757 999 910 1088; x_wconf 87' lang='lat' dir='ltr'>punierit,</span> <span class='ocrx_word' id='word_1_56' title='bbox 939 1001 1008 1066; x_wconf 87' lang='lat' dir='ltr'>suis</span> <span class='ocrx_word' id='word_1_57' title='bbox 1034 1000 1070 1066; x_wconf 90' lang='lat' dir='ltr'>in</span> <span class='ocrx_word' id='word_1_58' title='bbox 1089 998 1170 1066; x_wconf 91' lang='lat' dir='ltr'>locis</span> <span class='ocrx_word' id='word_1_59' title='bbox 1199 997 1337 1089; x_wconf 56' lang='lat' dir='ltr'>ponerex</span> 
     </span>
     <span class='ocr_line' id='line_1_9' title="bbox 185 1083 1323 1175; baseline -0.001 -21"><span class='ocrx_word' id='word_1_60' title='bbox 185 1107 253 1154; x_wconf 94' lang='lat' dir='ltr'>non</span> <span class='ocrx_word' id='word_1_61' title='bbox 273 1085 409 1175; x_wconf 80' lang='lat' dir='ltr'>pigebit</span> <span class='ocrx_word' id='word_1_62' title='bbox 484 1107 576 1152; x_wconf 88' lang='lat' dir='ltr'>erum</span> <span class='ocrx_word' id='word_1_63' title='bbox 598 1107 674 1152; x_wconf 89' lang='lat' dir='ltr'>curn</span> <span class='ocrx_word' id='word_1_64' title='bbox 694 1083 867 1152; x_wconf 75' lang='lat' dir='ltr'>nonnullae</span> <span class='ocrx_word' id='word_1_65' title='bbox 893 1093 1003 1152; x_wconf 87' lang='lat' dir='ltr'>essent</span> <span class='ocrx_word' id='word_1_66' title='bbox 1022 1084 1236 1168; x_wconf 77' lang='lat' dir='ltr'>concubinae,</span> <span class='ocrx_word' id='word_1_67' title='bbox 1258 1095 1323 1153; x_wconf 85' lang='lat' dir='ltr'>tres</span> 
     </span>
     <span class='ocr_line' id='line_1_10' title="bbox 186 1168 1323 1261; baseline -0.003 -21"><span class='ocrx_word' id='word_1_68' title='bbox 186 1193 291 1261; x_wconf 77' lang='lat' dir='ltr'>snpra</span> <span class='ocrx_word' id='word_1_69' title='bbox 308 1170 476 1239; x_wconf 70' lang='lat' dir='ltr'>oeuoterusb</span> <span class='ocrx_word' id='word_1_70' title='bbox 498 1170 687 1259; x_wconf 87' lang='lat' dir='ltr'>turpissimo</span> <span class='ocrx_word' id='word_1_71' title='bbox 708 1191 819 1238; x_wconf 78' lang='lat' dir='ltr'>amore</span> <span class='ocrx_word' id='word_1_72' title='bbox 840 1168 992 1238; x_wconf 76' lang='lat' dir='ltr'><strong>ardebat:</strong></span> <span class='ocrx_word' id='word_1_73' title='bbox 1018 1168 1184 1254; x_wconf 81' lang='lat' dir='ltr'>Penolem,</span> <span class='ocrx_word' id='word_1_74' title='bbox 1204 1168 1323 1237; x_wconf 81' lang='lat' dir='ltr'>vilissi</span> 
     </span>
     <span class='ocr_line' id='line_1_11' title="bbox 185 1257 1324 1357; baseline 0.001 -34"><span class='ocrx_word' id='word_1_75' title='bbox 185 1276 315 1323; x_wconf 90' lang='lat' dir='ltr'>morum</span> <span class='ocrx_word' id='word_1_76' title='bbox 335 1268 523 1323; x_wconf 81' lang='lat' dir='ltr'>servorum⁰</span> <span class='ocrx_word' id='word_1_77' title='bbox 544 1257 704 1344; x_wconf 82' lang='lat' dir='ltr'>sanguine</span> <span class='ocrx_word' id='word_1_78' title='bbox 725 1267 858 1340; x_wconf 76' lang='lat' dir='ltr'>cremm,</span> <span class='ocrx_word' id='word_1_79' title='bbox 880 1278 924 1323; x_wconf 86' lang='lat' dir='ltr'>ex</span> <span class='ocrx_word' id='word_1_80' title='bbox 945 1277 1010 1344; x_wconf 85' lang='lat' dir='ltr'>qua</span> <span class='ocrx_word' id='word_1_81' title='bbox 1032 1264 1064 1322; x_wconf 85' lang='lat' dir='ltr'>et</span> <span class='ocrx_word' id='word_1_82' title='bbox 1084 1264 1197 1322; x_wconf 85' lang='lat' dir='ltr'>natum</span> <span class='ocrx_word' id='word_1_83' title='bbox 1211 1257 1324 1357; x_wconf 72' lang='lat' dir='ltr'>genuit</span> 
     </span>
     <span class='ocr_line' id='line_1_12' title="bbox 185 1338 1323 1493; baseline -0.001 -84"><span class='ocrx_word' id='word_1_84' title='bbox 185 1342 318 1409; x_wconf 91' lang='lat' dir='ltr'>nomine</span> <span class='ocrx_word' id='word_1_85' title='bbox 345 1340 443 1425; x_wconf 90' lang='lat' dir='ltr'>Boso,</span> <span class='ocrx_word' id='word_1_86' title='bbox 468 1341 593 1432; x_wconf 66' lang='lat' dir='ltr'>-qnem‘l</span> <span class='ocrx_word' id='word_1_87' title='bbox 618 1343 655 1408; x_wconf 90' lang='lat' dir='ltr'>in</span> <span class='ocrx_word' id='word_1_88' title='bbox 680 1338 871 1409; x_wconf 87' lang='lat' dir='ltr'>Placentina</span> <span class='ocrx_word' id='word_1_89' title='bbox 891 1350 974 1493; x_wconf 76' lang='lat' dir='ltr'>poet</span> <span class='ocrx_word' id='word_1_90' title='bbox 993 1340 1147 1409; x_wconf 85' lang='lat' dir='ltr'>Widonis</span> <span class='ocrx_word' id='word_1_91' title='bbox 1175 1340 1323 1408; x_wconf 80' lang='lat' dir='ltr'>obitum²</span> 
     </span>
     <span class='ocr_line' id='line_1_13' title="bbox 186 1424 1325 1601; baseline 0 -22"><span class='ocrx_word' id='word_1_92' title='bbox 186 1425 569 1580; x_wconf 56' lang='lat' dir='ltr'>„unffi</span> <span class='ocrx_word' id='word_1_93' title='bbox 583 1425 884 1600; x_wconf 54' lang='grc'><strong>16361699.</strong></span> <span class='ocrx_word' id='word_1_94' title='bbox 912 1424 1325 1601; x_wconf 54' lang='lat' dir='ltr'>{uideritne</span> 
     </span>
     <span class='ocr_line' id='line_1_14' title="bbox 186 1595 1326 1784; baseline 0 -34"><span class='ocrx_word' id='word_1_95' title='bbox 186 1595 1326 1784; x_wconf 56' lang='lat' dir='ltr'>curteturfflleuirtuuuuunu</span> 
     </span>
     <span class='ocr_line' id='line_1_15' title="bbox 188 1765 1326 1836; baseline 0.001 -2"><span class='ocrx_word' id='word_1_96' title='bbox 188 1766 425 1836; x_wconf 79' lang='lat' dir='ltr'>Mediolanensi</span> <span class='ocrx_word' id='word_1_97' title='bbox 447 1765 564 1835; x_wconf 82' lang='lat' dir='ltr'>eclesia</span> <span class='ocrx_word' id='word_1_98' title='bbox 585 1766 845 1834; x_wconf 80' lang='lat' dir='ltr'>archidiaconem</span> <span class='ocrx_word' id='word_1_99' title='bbox 876 1791 915 1834; x_wconf 87' lang='lat' dir='ltr'>ea</span> <span class='ocrx_word' id='word_1_100' title='bbox 935 1777 1058 1834; x_wconf 79' lang='lat' dir='ltr'>ratione</span> <span class='ocrx_word' id='word_1_101' title='bbox 1080 1778 1235 1834; x_wconf 81' lang='lat' dir='ltr'>constitui</span> <span class='ocrx_word' id='word_1_102' title='bbox 1288 1779 1326 1835; x_wconf 89' lang='lat' dir='ltr'>ut</span> 
     </span>
     <span class='ocr_line' id='line_1_16' title="bbox 188 1780 1325 1942; baseline 0 -22"><span class='ocrx_word' id='word_1_103' title='bbox 188 1851 339 1921; x_wconf 84' lang='lat' dir='ltr'>defimoto</span> <span class='ocrx_word' id='word_1_104' title='bbox 354 1852 616 1942; x_wconf 70' lang='lat' dir='ltr'><strong>archiepiscopo,</strong></span> <span class='ocrx_word' id='word_1_105' title='bbox 645 1853 715 1918; x_wconf 90' lang='lat' dir='ltr'>eius</span> <span class='ocrx_word' id='word_1_106' title='bbox 743 1853 754 1918; x_wconf 93' lang='lat' dir='ltr'>i</span> <span class='ocrx_word' id='word_1_107' title='bbox 779 1874 814 1919; x_wconf 90' lang='lat' dir='ltr'>se</span> <span class='ocrx_word' id='word_1_108' title='bbox 836 1853 978 1919; x_wconf 64' lang='lat' dir='ltr'>meamus</span> <span class='ocrx_word' id='word_1_109' title='bbox 1030 1861 1191 1920; x_wconf 81' lang='lat' dir='ltr'>oneretur.</span> <span class='ocrx_word' id='word_1_110' title='bbox 1235 1780 1325 1937; x_wconf 41' lang='lat' dir='ltr'>Quid</span> 
     </span>
     <span class='ocr_line' id='line_1_17' title="bbox 187 1876 1327 2026; baseline 0.003 -22"><span class='ocrx_word' id='word_1_111' title='bbox 187 1949 298 2004; x_wconf 89' lang='lat' dir='ltr'>autem</span> <span class='ocrx_word' id='word_1_112' title='bbox 318 1938 424 2022; x_wconf 83' lang='lat' dir='ltr'>fuerit,</span> <span class='ocrx_word' id='word_1_113' title='bbox 457 1937 546 2026; x_wconf 92' lang='lat' dir='ltr'>quod</span> <span class='ocrx_word' id='word_1_114' title='bbox 574 1938 725 2005; x_wconf 86' lang='lat' dir='ltr'>effectum</span> <span class='ocrx_word' id='word_1_115' title='bbox 755 1876 835 2006; x_wconf 83' lang='lat' dir='ltr'>deus</span> <span class='ocrx_word' id='word_1_116' title='bbox 864 1936 945 2006; x_wconf 83' lang='lat' dir='ltr'>baec</span> <span class='ocrx_word' id='word_1_117' title='bbox 973 1937 1017 2003; x_wconf 92' lang='lat' dir='ltr'>ha</span> <span class='ocrx_word' id='word_1_118' title='bbox 1116 1959 1183 2004; x_wconf 91' lang='lat' dir='ltr'>non</span> <span class='ocrx_word' id='word_1_119' title='bbox 1203 1937 1327 2023; x_wconf 80' lang='lat' dir='ltr'>siverit,</span> 
     </span>
     <span class='ocr_line' id='line_1_18' title="bbox 187 2020 1325 2113; baseline 0.001 -23"><span class='ocrx_word' id='word_1_120' title='bbox 187 2024 256 2090; x_wconf 77' lang='lat' dir='ltr'>vita</span> <span class='ocrx_word' id='word_1_121' title='bbox 277 2022 410 2107; x_wconf 85' lang='lat' dir='ltr'>comite,</span> <span class='ocrx_word' id='word_1_122' title='bbox 433 2022 624 2091; x_wconf 88' lang='lat' dir='ltr'>scribendus</span> <span class='ocrx_word' id='word_1_123' title='bbox 645 2021 725 2089; x_wconf 91' lang='lat' dir='ltr'>ordo</span> <span class='ocrx_word' id='word_1_124' title='bbox 754 2020 902 2090; x_wconf 78' lang='lat' dir='ltr'>nudabit</span> <span class='ocrx_word' id='word_1_125' title='bbox 954 2021 1022 2090; x_wconf 86' lang='lat' dir='ltr'>Sed</span> <span class='ocrx_word' id='word_1_126' title='bbox 1050 2032 1083 2090; x_wconf 90' lang='lat' dir='ltr'>et</span> <span class='ocrx_word' id='word_1_127' title='bbox 1104 2021 1245 2113; x_wconf 91' lang='lat' dir='ltr'>populus</span> <span class='ocrx_word' id='word_1_128' title='bbox 1267 2023 1325 2091; x_wconf 89' lang='lat' dir='ltr'>has</span> 
     </span>
    </p>

    <p class='ocr_par' dir='ltr' id='par_1_4' title="bbox 140 2105 1326 2283">
     <span class='ocr_line' id='line_1_19' title="bbox 140 2105 1326 2202; baseline 0.002 -28"><span class='ocrx_word' id='word_1_129' title='bbox 140 2197 143 2202; x_wconf 18' lang='lat'>¹</span> <span class='ocrx_word' id='word_1_130' title='bbox 188 2107 231 2175; x_wconf 93' lang='lat' dir='ltr'>ob</span> <span class='ocrx_word' id='word_1_131' title='bbox 258 2109 363 2196; x_wconf 87' lang='lat' dir='ltr'>turpis</span> <span class='ocrx_word' id='word_1_132' title='bbox 388 2107 602 2196; x_wconf 78' lang='lat' dir='ltr'>inpudicitiae</span> <span class='ocrx_word' id='word_1_133' title='bbox 629 2107 757 2175; x_wconf 80' lang='lat' dir='ltr'>fucinus</span> <span class='ocrx_word' id='word_1_134' title='bbox 784 2106 920 2176; x_wconf 85' lang='lat' dir='ltr'>dearum</span> <span class='ocrx_word' id='word_1_135' title='bbox 947 2105 1145 2193; x_wconf 90' lang='lat' dir='ltr'>nominibus,</span> <span class='ocrx_word' id='word_1_136' title='bbox 1172 2107 1326 2177; x_wconf 84' lang='lat' dir='ltr'>Pezolam</span> 
     </span>
     <span class='ocr_line' id='line_1_20' title="bbox 188 2191 1326 2283; baseline 0.003 -24"><span class='ocrx_word' id='word_1_137' title='bbox 188 2191 341 2260; x_wconf 85' lang='lat' dir='ltr'>videlicet</span> <span class='ocrx_word' id='word_1_138' title='bbox 362 2193 535 2278; x_wconf 80' lang='lat' dir='ltr'>Venerem,</span> <span class='ocrx_word' id='word_1_139' title='bbox 567 2192 693 2260; x_wconf 79' lang='lat' dir='ltr'>Ronam</span> <span class='ocrx_word' id='word_1_140' title='bbox 713 2193 883 2278; x_wconf 90' lang='lat' dir='ltr'>Iunonem,</span> <span class='ocrx_word' id='word_1_141' title='bbox 917 2194 958 2261; x_wconf 93' lang='lat' dir='ltr'>ob</span> <span class='ocrx_word' id='word_1_142' title='bbox 979 2191 1178 2260; x_wconf 79' lang='lat' dir='ltr'>simultatem</span> <span class='ocrx_word' id='word_1_143' title='bbox 1199 2204 1233 2262; x_wconf 92' lang='lat' dir='ltr'>et</span> <span class='ocrx_word' id='word_1_144' title='bbox 1254 2216 1326 2283; x_wconf 90' lang='lat' dir='ltr'>per·</span> 
     </span>
    </p>

    <p class='ocr_par' dir='ltr' id='par_1_5' title="bbox 230 2277 1328 2367">
     <span class='ocr_line' id='line_1_21' title="bbox 230 2277 1328 2367; baseline 0.002 -22"><span class='ocrx_word' id='word_1_145' title='bbox 230 2287 325 2346; x_wconf 84' lang='lat' dir='ltr'>tuum</span> <span class='ocrx_word' id='word_1_146' title='bbox 346 2278 468 2362; x_wconf 89' lang='lat' dir='ltr'>odium,</span> <span class='ocrx_word' id='word_1_147' title='bbox 490 2280 645 2367; x_wconf 89' lang='lat' dir='ltr'>quoniam</span> <span class='ocrx_word' id='word_1_148' title='bbox 667 2277 799 2367; x_wconf 88' lang='lat' dir='ltr'>quidem</span> <span class='ocrx_word' id='word_1_149' title='bbox 827 2301 866 2346; x_wconf 85' lang='lat' dir='ltr'>ea</span> <span class='ocrx_word' id='word_1_150' title='bbox 887 2278 1068 2347; x_wconf 83' lang='lat' dir='ltr'>sectmdum</span> <span class='ocrx_word' id='word_1_151' title='bbox 1089 2280 1195 2347; x_wconf 79' lang='lat' dir='ltr'>onmia</span> <span class='ocrx_word' id='word_1_152' title='bbox 1218 2292 1328 2367; x_wconf 87' lang='lat' dir='ltr'>putre·</span> 
     </span>
    </p>

    <p class='ocr_par' dir='ltr' id='par_1_6' title="bbox 126 2362 1327 2624">
     <span class='ocr_line' id='line_1_22' title="bbox 126 2362 1327 2454; baseline -0.001 -23"><span class='ocrx_word' id='word_1_153' title='bbox 126 2444 128 2446; x_wconf 17' lang='lat'>¹</span> <span class='ocrx_word' id='word_1_154' title='bbox 247 2387 300 2431; x_wconf 91' lang='lat' dir='ltr'>em</span> <span class='ocrx_word' id='word_1_155' title='bbox 326 2362 388 2430; x_wconf 90' lang='lat' dir='ltr'>hac</span> <span class='ocrx_word' id='word_1_156' title='bbox 416 2364 587 2453; x_wconf 76' lang='lat' dir='ltr'>spetiosior</span> <span class='ocrx_word' id='word_1_157' title='bbox 615 2363 797 2448; x_wconf 70' lang='lat' dir='ltr'>videbatur,</span> <span class='ocrx_word' id='word_1_158' title='bbox 827 2362 1038 2454; x_wconf 76' lang='lat' dir='ltr'>Stephanium</span> <span class='ocrx_word' id='word_1_159' title='bbox 1065 2385 1145 2431; x_wconf 85' lang='lat' dir='ltr'>vero</span> <span class='ocrx_word' id='word_1_160' title='bbox 1173 2363 1327 2432; x_wconf 72' lang='lat' dir='ltr'>semelen</span> 
     </span>
     <span class='ocr_line' id='line_1_23' title="bbox 189 2447 1325 2537; baseline 0.004 -23"><span class='ocrx_word' id='word_1_161' title='bbox 189 2447 360 2537; x_wconf 74' lang='lat' dir='ltr'>apellabat</span> <span class='ocrx_word' id='word_1_162' title='bbox 403 2448 448 2515; x_wconf 83' lang='lat' dir='ltr'>Et</span> <span class='ocrx_word' id='word_1_163' title='bbox 469 2450 625 2537; x_wconf 83' lang='lat' dir='ltr'>quonism</span> <span class='ocrx_word' id='word_1_164' title='bbox 644 2471 711 2516; x_wconf 92' lang='lat' dir='ltr'>non</span> <span class='ocrx_word' id='word_1_165' title='bbox 730 2471 791 2517; x_wconf 86' lang='lat' dir='ltr'>rex</span> <span class='ocrx_word' id='word_1_166' title='bbox 812 2447 900 2516; x_wconf 89' lang='lat' dir='ltr'>solus</span> <span class='ocrx_word' id='word_1_167' title='bbox 921 2448 971 2516; x_wconf 88' lang='lat' dir='ltr'>his</span> <span class='ocrx_word' id='word_1_168' title='bbox 985 2448 1190 2534; x_wconf 71' lang='lat' dir='ltr'>abutebatur,</span> <span class='ocrx_word' id='word_1_169' title='bbox 1211 2472 1325 2518; x_wconf 77' lang='lat' dir='ltr'>eanum</span> 
     </span>
     <span class='ocr_line' id='line_1_24' title="bbox 190 2532 979 2624; baseline 0 -24"><span class='ocrx_word' id='word_1_170' title='bbox 190 2534 260 2601; x_wconf 89' lang='lat' dir='ltr'>nati</span> <span class='ocrx_word' id='word_1_171' title='bbox 280 2555 324 2600; x_wconf 85' lang='lat' dir='ltr'>ex</span> <span class='ocrx_word' id='word_1_172' title='bbox 345 2534 475 2601; x_wconf 73' lang='lat' dir='ltr'>incertis</span> <span class='ocrx_word' id='word_1_173' title='bbox 496 2532 642 2624; x_wconf 85' lang='lat' dir='ltr'>patribus</span> <span class='ocrx_word' id='word_1_174' title='bbox 664 2535 824 2622; x_wconf 82' lang='lat' dir='ltr'>originem</span> <span class='ocrx_word' id='word_1_175' title='bbox 845 2535 979 2601; x_wconf 87' lang='lat' dir='ltr'>ducunt.</span> 
     </span>
    </p>
   </div>
   <div class='ocr_carea' id='block_1_3' title="bbox 94 2616 1329 3562">
    <p class='ocr_par' dir='ltr' id='par_1_7' title="bbox 94 2616 1329 3562">
     <span class='ocr_line' id='line_1_25' title="bbox 150 2616 1329 2725; baseline 0.002 -39"><span class='ocrx_word' id='word_1_176' title='bbox 150 2670 180 2725; x_wconf 71' lang='lat'>⁷&gt;</span> <span class='ocrx_word' id='word_1_177' title='bbox 280 2621 329 2686; x_wconf 81' lang='lat'>15.</span> <span class='ocrx_word' id='word_1_178' title='bbox 372 2618 423 2686; x_wconf 74' lang='lat' dir='ltr'>llo</span> <span class='ocrx_word' id='word_1_179' title='bbox 446 2620 481 2685; x_wconf 94' lang='lat' dir='ltr'>in</span> <span class='ocrx_word' id='word_1_180' title='bbox 501 2629 646 2708; x_wconf 90' lang='lat' dir='ltr'>tempore</span> <span class='ocrx_word' id='word_1_181' title='bbox 667 2642 728 2686; x_wconf 85' lang='lat' dir='ltr'>rex</span> <span class='ocrx_word' id='word_1_182' title='bbox 747 2619 932 2703; x_wconf 87' lang='lat' dir='ltr'>Heinricus,</span> <span class='ocrx_word' id='word_1_183' title='bbox 956 2620 992 2685; x_wconf 91' lang='lat' dir='ltr'>in</span> <span class='ocrx_word' id='word_1_184' title='bbox 1013 2616 1145 2688; x_wconf 87' lang='lat' dir='ltr'>castello</span> <span class='ocrx_word' id='word_1_185' title='bbox 1167 2619 1258 2709; x_wconf 89' lang='lat' dir='ltr'>quod</span> <span class='ocrx_word' id='word_1_186' title='bbox 1279 2630 1329 2688; x_wconf 86' lang='lat' dir='ltr'>est</span> 
     </span>
     <span class='ocr_line' id='line_1_26' title="bbox 128 2673 1328 2792; baseline -0.003 -16"><span class='ocrx_word' id='word_1_187' title='bbox 128 2673 225 2776; x_wconf 59' lang='lat' dir='ltr'>dein</span> <span class='ocrx_word' id='word_1_188' title='bbox 245 2703 475 2792; x_wconf 75' lang='lat' dir='ltr'>&#39;haringiorum</span> <span class='ocrx_word' id='word_1_189' title='bbox 496 2715 531 2771; x_wconf 89' lang='lat' dir='ltr'>et</span> <span class='ocrx_word' id='word_1_190' title='bbox 551 2704 719 2771; x_wconf 89' lang='lat' dir='ltr'>Saxonum</span> <span class='ocrx_word' id='word_1_191' title='bbox 742 2704 881 2772; x_wconf 87' lang='lat' dir='ltr'>confinio</span> <span class='ocrx_word' id='word_1_192' title='bbox 905 2715 938 2773; x_wconf 90' lang='lat' dir='ltr'>et</span> <span class='ocrx_word' id='word_1_193' title='bbox 959 2703 1081 2771; x_wconf 88' lang='lat' dir='ltr'>dicitur</span> <span class='ocrx_word' id='word_1_194' title='bbox 1100 2703 1328 2789; x_wconf 75' lang='lat' dir='ltr'>Himenleve⁴,</span> 
     </span>
     <span class='ocr_line' id='line_1_27' title="bbox 94 2786 1326 2891; baseline 0.002 -37"><span class='ocrx_word' id='word_1_195' title='bbox 94 2793 143 2836; x_wconf 65' lang='lat'>1⁸¹¹</span> <span class='ocrx_word' id='word_1_196' title='bbox 159 2794 181 2836; x_wconf 77' lang='lat'>²·</span> <span class='ocrx_word' id='word_1_197' title='bbox 190 2789 384 2877; x_wconf 84' lang='lat' dir='ltr'>gravissima</span> <span class='ocrx_word' id='word_1_198' title='bbox 396 2786 582 2857; x_wconf 75' lang='lat' dir='ltr'>valetudine</span> <span class='ocrx_word' id='word_1_199' title='bbox 598 2800 775 2878; x_wconf 86' lang='lat' dir='ltr'>correptus,</span> <span class='ocrx_word' id='word_1_200' title='bbox 790 2790 943 2891; x_wconf 74' lang='lat' dir='ltr'>migravit</span> <span class='ocrx_word' id='word_1_201' title='bbox 956 2789 1000 2856; x_wconf 90' lang='lat' dir='ltr'>ad</span> <span class='ocrx_word' id='word_1_202' title='bbox 1014 2789 1190 2856; x_wconf 89' lang='lat' dir='ltr'>dominum.</span> <span class='ocrx_word' id='word_1_203' title='bbox 1221 2788 1326 2859; x_wconf 81' lang='lat' dir='ltr'>Cuius</span> 
     </span>
     <span class='ocr_line' id='line_1_28' title="bbox 192 2873 1327 2962; baseline 0.004 -23"><span class='ocrx_word' id='word_1_204' title='bbox 192 2895 310 2962; x_wconf 89' lang='lat' dir='ltr'>corpus</span> <span class='ocrx_word' id='word_1_205' title='bbox 331 2875 387 2940; x_wconf 77' lang='lat' dir='ltr'>in⁸</span> <span class='ocrx_word' id='word_1_206' title='bbox 410 2874 588 2942; x_wconf 84' lang='lat' dir='ltr'>Saxoniam</span> <span class='ocrx_word' id='word_1_207' title='bbox 609 2876 650 2943; x_wconf 90' lang='lat' dir='ltr'>de</span> <span class='ocrx_word' id='word_1_208' title='bbox 674 2886 825 2959; x_wconf 86' lang='lat' dir='ltr'>ortatum,</span> <span class='ocrx_word' id='word_1_209' title='bbox 846 2899 881 2941; x_wconf 93' lang='lat' dir='ltr'>m</span> <span class='ocrx_word' id='word_1_210' title='bbox 901 2873 1176 2943; x_wconf 87' lang='lat' dir='ltr'>nobilissimarum</span> <span class='ocrx_word' id='word_1_211' title='bbox 1197 2897 1237 2942; x_wconf 91' lang='lat' dir='ltr'>ac</span> <span class='ocrx_word' id='word_1_212' title='bbox 1256 2874 1327 2944; x_wconf 88' lang='lat' dir='ltr'>reli·</span> 
     </span>
     <span class='ocr_line' id='line_1_29' title="bbox 191 2958 1327 3060; baseline 0.004 -36"><span class='ocrx_word' id='word_1_213' title='bbox 191 2959 359 3048; x_wconf 82' lang='lat' dir='ltr'>giosarum</span> <span class='ocrx_word' id='word_1_214' title='bbox 380 2961 573 3027; x_wconf 87' lang='lat' dir='ltr'>monasterio</span> <span class='ocrx_word' id='word_1_215' title='bbox 596 2982 659 3049; x_wconf 90' lang='lat' dir='ltr'>pue</span> <span class='ocrx_word' id='word_1_216' title='bbox 684 2983 785 3044; x_wconf 86' lang='lat' dir='ltr'>arum,</span> <span class='ocrx_word' id='word_1_217' title='bbox 808 2959 897 3060; x_wconf 81' lang='lat' dir='ltr'>quod</span> <span class='ocrx_word' id='word_1_218' title='bbox 919 2960 955 3026; x_wconf 92' lang='lat' dir='ltr'>in</span> <span class='ocrx_word' id='word_1_219' title='bbox 978 2961 1082 3049; x_wconf 84' lang='lat' dir='ltr'>ipsius</span> <span class='ocrx_word' id='word_1_220' title='bbox 1103 2962 1190 3050; x_wconf 81' lang='lat' dir='ltr'>regis</span> <span class='ocrx_word' id='word_1_221' title='bbox 1212 2958 1327 3051; x_wconf 90' lang='lat' dir='ltr'>predio</span> 
     </span>
     <span class='ocr_line' id='line_1_30' title="bbox 191 3043 1326 3134; baseline 0.004 -25"><span class='ocrx_word' id='word_1_222' title='bbox 191 3043 350 3111; x_wconf 85' lang='lat' dir='ltr'>vocabulo</span> <span class='ocrx_word' id='word_1_223' title='bbox 383 3044 652 3134; x_wconf 77' lang='lat' dir='ltr'>Quitelingburg⁸</span> <span class='ocrx_word' id='word_1_224' title='bbox 682 3047 779 3112; x_wconf 89' lang='lat' dir='ltr'>situm</span> <span class='ocrx_word' id='word_1_225' title='bbox 807 3043 917 3133; x_wconf 82' lang='lat' dir='ltr'>liquet,</span> <span class='ocrx_word' id='word_1_226' title='bbox 953 3047 1039 3112; x_wconf 82' lang='lat' dir='ltr'>intra</span> <span class='ocrx_word' id='word_1_227' title='bbox 1066 3044 1218 3114; x_wconf 87' lang='lat' dir='ltr'>eclesiam</span> <span class='ocrx_word' id='word_1_228' title='bbox 1251 3069 1326 3113; x_wconf 87' lang='lat' dir='ltr'>cum</span> 
     </span>
     <span class='ocr_line' id='line_1_31' title="bbox 192 3129 1326 3220; baseline 0.003 -24"><span class='ocrx_word' id='word_1_229' title='bbox 192 3131 340 3196; x_wconf 88' lang='lat' dir='ltr'>inmensa</span> <span class='ocrx_word' id='word_1_230' title='bbox 362 3141 410 3198; x_wconf 89' lang='lat' dir='ltr'>est</span> <span class='ocrx_word' id='word_1_231' title='bbox 431 3133 638 3198; x_wconf 83' lang='lat' dir='ltr'>veneratione</span> <span class='ocrx_word' id='word_1_232' title='bbox 659 3132 846 3220; x_wconf 83' lang='lat' dir='ltr'>repositum.</span> <span class='ocrx_word' id='word_1_233' title='bbox 897 3129 965 3198; x_wconf 90' lang='lat' dir='ltr'>Ubi</span> <span class='ocrx_word' id='word_1_234' title='bbox 986 3141 1019 3198; x_wconf 90' lang='lat' dir='ltr'>et</span> <span class='ocrx_word' id='word_1_235' title='bbox 1039 3130 1234 3199; x_wconf 87' lang='lat' dir='ltr'>venerabilis</span> <span class='ocrx_word' id='word_1_236' title='bbox 1257 3133 1326 3199; x_wconf 89' lang='lat' dir='ltr'>eius</span> 
     </span>
     <span class='ocr_line' id='line_1_32' title="bbox 193 3215 1326 3317; baseline 0.004 -37"><span class='ocrx_word' id='word_1_237' title='bbox 193 3215 314 3281; x_wconf 87' lang='lat' dir='ltr'>coniux</span> <span class='ocrx_word' id='word_1_238' title='bbox 334 3217 491 3304; x_wconf 86' lang='lat' dir='ltr'>regnique</span> <span class='ocrx_word' id='word_1_239' title='bbox 513 3238 646 3283; x_wconf 86' lang='lat' dir='ltr'>consors</span> <span class='ocrx_word' id='word_1_240' title='bbox 673 3238 716 3285; x_wconf 88' lang='lat' dir='ltr'>ex</span> <span class='ocrx_word' id='word_1_241' title='bbox 736 3215 852 3283; x_wconf 90' lang='lat' dir='ltr'>eadem</span> <span class='ocrx_word' id='word_1_242' title='bbox 872 3226 979 3317; x_wconf 73' lang='lat' dir='ltr'>gente,</span> <span class='ocrx_word' id='word_1_243' title='bbox 1007 3218 1138 3284; x_wconf 91' lang='lat' dir='ltr'>nomine</span> <span class='ocrx_word' id='word_1_244' title='bbox 1159 3215 1326 3301; x_wconf 87' lang='lat' dir='ltr'>Machtild,</span> 
     </span>
     <span class='ocr_line' id='line_1_33' title="bbox 192 3298 1328 3391; baseline 0.002 -26"><span class='ocrx_word' id='word_1_245' title='bbox 192 3298 278 3366; x_wconf 85' lang='lat' dir='ltr'>ultra</span> <span class='ocrx_word' id='word_1_246' title='bbox 298 3321 410 3368; x_wconf 87' lang='lat' dir='ltr'>omnes</span> <span class='ocrx_word' id='word_1_247' title='bbox 433 3323 514 3389; x_wconf 87' lang='lat' dir='ltr'>quas</span> <span class='ocrx_word' id='word_1_248' title='bbox 535 3301 674 3369; x_wconf 84' lang='lat' dir='ltr'>viderim</span> <span class='ocrx_word' id='word_1_249' title='bbox 703 3313 736 3369; x_wconf 91' lang='lat' dir='ltr'>et</span> <span class='ocrx_word' id='word_1_250' title='bbox 758 3300 916 3368; x_wconf 80' lang='lat' dir='ltr'>audierim</span> <span class='ocrx_word' id='word_1_251' title='bbox 945 3311 1119 3386; x_wconf 83' lang='lat' dir='ltr'>matrones,</span> <span class='ocrx_word' id='word_1_252' title='bbox 1148 3324 1208 3391; x_wconf 86' lang='lat' dir='ltr'>pro</span> <span class='ocrx_word' id='word_1_253' title='bbox 1230 3300 1328 3369; x_wconf 89' lang='lat' dir='ltr'>delio·</span> 
     </span>
     <span class='ocr_line' id='line_1_34' title="bbox 192 3385 1328 3477; baseline 0.004 -27"><span class='ocrx_word' id='word_1_254' title='bbox 192 3394 301 3450; x_wconf 89' lang='lat' dir='ltr'>torum</span> <span class='ocrx_word' id='word_1_255' title='bbox 322 3387 506 3474; x_wconf 79' lang='lat' dir='ltr'>expiatione</span> <span class='ocrx_word' id='word_1_256' title='bbox 529 3385 676 3454; x_wconf 82' lang='lat' dir='ltr'>caelebre</span> <span class='ocrx_word' id='word_1_257' title='bbox 697 3408 758 3454; x_wconf 90' lang='lat' dir='ltr'>exe</span> <span class='ocrx_word' id='word_1_258' title='bbox 782 3387 910 3454; x_wconf 82' lang='lat' dir='ltr'>uiamm</span> <span class='ocrx_word' id='word_1_259' title='bbox 925 3385 1063 3453; x_wconf 86' lang='lat' dir='ltr'>offitium</span> <span class='ocrx_word' id='word_1_260' title='bbox 1076 3389 1251 3477; x_wconf 82' lang='lat' dir='ltr'>vivamque</span> <span class='ocrx_word' id='word_1_261' title='bbox 1266 3385 1328 3455; x_wconf 88' lang='lat' dir='ltr'>deo</span> 
     </span>
     <span class='ocr_line' id='line_1_35' title="bbox 192 3468 1327 3562; baseline 0.004 -26"><span class='ocrx_word' id='word_1_262' title='bbox 192 3468 332 3536; x_wconf 87' lang='lat' dir='ltr'>bostiam</span> <span class='ocrx_word' id='word_1_263' title='bbox 354 3470 468 3538; x_wconf 88' lang='lat' dir='ltr'>offerre</span> <span class='ocrx_word' id='word_1_264' title='bbox 490 3492 557 3538; x_wconf 92' lang='lat' dir='ltr'>non</span> <span class='ocrx_word' id='word_1_265' title='bbox 578 3470 712 3539; x_wconf 75' lang='lat' dir='ltr'>desinit‘</span> <span class='ocrx_word' id='word_1_266' title='bbox 721 3483 744 3536; x_wconf 80' lang='lat'>⁰.</span> <span class='ocrx_word' id='word_1_267' title='bbox 891 3483 967 3539; x_wconf 90' lang='lat' dir='ltr'>ante</span> <span class='ocrx_word' id='word_1_268' title='bbox 981 3473 1074 3561; x_wconf 77' lang='lat' dir='ltr'>regni</span> <span class='ocrx_word' id='word_1_269' title='bbox 1087 3472 1327 3562; x_wconf 88' lang='lat' dir='ltr'>susceptionem</span> 
     </span>
    </p>
   </div>
   <div class='ocr_carea' id='block_1_4' title="bbox 192 3597 1328 3712">
    <p class='ocr_par' dir='ltr' id='par_1_8' title="bbox 192 3597 1328 3712">
     <span class='ocr_line' id='line_1_36' title="bbox 193 3597 1328 3655; baseline 0.002 -15"><span class='ocrx_word' id='word_1_270' title='bbox 193 3597 218 3651; x_wconf 74' lang='lat' dir='ltr'>a)</span> <span class='ocrx_word' id='word_1_271' title='bbox 231 3598 285 3649; x_wconf 68' lang='lat'>1120</span> <span class='ocrx_word' id='word_1_272' title='bbox 302 3600 323 3641; x_wconf 87' lang='lat'>1.</span> <span class='ocrx_word' id='word_1_273' title='bbox 360 3598 382 3650; x_wconf 86' lang='lat' dir='ltr'>b)</span> <span class='ocrx_word' id='word_1_274' title='bbox 399 3604 488 3655; x_wconf 69' lang='lat' dir='ltr'>ceteras</span> <span class='ocrx_word' id='word_1_275' title='bbox 505 3603 525 3644; x_wconf 86' lang='lat'>1.</span> <span class='ocrx_word' id='word_1_276' title='bbox 565 3601 587 3652; x_wconf 87' lang='lat' dir='ltr'>c)</span> <span class='ocrx_word' id='word_1_277' title='bbox 602 3611 729 3644; x_wconf 77' lang='lat' dir='ltr'>euenornm</span> <span class='ocrx_word' id='word_1_278' title='bbox 746 3601 783 3644; x_wconf 67' lang='grc' dir='ltr'>δι.</span> <span class='ocrx_word' id='word_1_279' title='bbox 819 3600 925 3651; x_wconf 78' lang='lat' dir='ltr'>dlquam</span> <span class='ocrx_word' id='word_1_280' title='bbox 939 3603 959 3643; x_wconf 84' lang='lat'>1.</span> <span class='ocrx_word' id='word_1_281' title='bbox 1002 3599 1024 3654; x_wconf 87' lang='lat' dir='ltr'>e)</span> <span class='ocrx_word' id='word_1_282' title='bbox 1039 3599 1328 3652; x_wconf 60' lang='lat' dir='ltr'>recompensentur&amp;</span> 
     </span>
     <span class='ocr_line' id='line_1_37' title="bbox 192 3657 1133 3712; baseline 0.003 -13"><span class='ocrx_word' id='word_1_283' title='bbox 192 3657 210 3712; x_wconf 83' lang='grc'>1)</span> <span class='ocrx_word' id='word_1_284' title='bbox 225 3659 317 3701; x_wconf 79' lang='lat' dir='ltr'>desinet</span> <span class='ocrx_word' id='word_1_285' title='bbox 331 3669 390 3701; x_wconf 78' lang='lat' dir='ltr'>corr.</span> <span class='ocrx_word' id='word_1_286' title='bbox 406 3659 494 3702; x_wconf 68' lang='lat' dir='ltr'>ruint</span> <span class='ocrx_word' id='word_1_287' title='bbox 509 3663 529 3704; x_wconf 93' lang='lat' dir='ltr'>l.</span> <span class='ocrx_word' id='word_1_288' title='bbox 545 3660 638 3703; x_wconf 75' lang='lat' dir='ltr'>desim</span> <span class='ocrx_word' id='word_1_289' title='bbox 653 3662 674 3704; x_wconf 76' lang='grc'><strong>1.</strong></span> <span class='ocrx_word' id='word_1_290' title='bbox 691 3661 778 3703; x_wconf 80' lang='lat' dir='ltr'>desinit</span> <span class='ocrx_word' id='word_1_291' title='bbox 793 3661 817 3703; x_wconf 79' lang='grc'><strong>5.</strong></span> <span class='ocrx_word' id='word_1_292' title='bbox 833 3660 870 3704; x_wconf 75' lang='lat' dir='ltr'>bn.</span> <span class='ocrx_word' id='word_1_293' title='bbox 884 3657 923 3703; x_wconf 74' lang='lat' dir='ltr'>be·</span> <span class='ocrx_word' id='word_1_294' title='bbox 938 3661 1024 3702; x_wconf 79' lang='lat' dir='ltr'>desivit</span> <span class='ocrx_word' id='word_1_295' title='bbox 1038 3660 1133 3712; x_wconf 68' lang='lat' dir='ltr'>Henna.</span> 
     </span>
    </p>
   </div>
   <div class='ocr_carea' id='block_1_5' title="bbox 192 3769 1329 4438">
    <p class='ocr_par' dir='ltr' id='par_1_9' title="bbox 192 3769 1329 4438">
     <span class='ocr_line' id='line_1_38' title="bbox 194 3769 1329 3845; baseline 0.004 -22"><span class='ocrx_word' id='word_1_296' title='bbox 194 3769 223 3840; x_wconf 90' lang='grc'>1)</span> <span class='ocrx_word' id='word_1_297' title='bbox 245 3772 287 3826; x_wconf 78' lang='lat' dir='ltr'>Ol.</span> <span class='ocrx_word' id='word_1_298' title='bbox 314 3773 484 3828; x_wconf 76' lang='lat' dir='ltr'>constantin.</span> <span class='ocrx_word' id='word_1_299' title='bbox 509 3776 712 3844; x_wconf 76' lang='lat' dir='ltr'>Porphyrogen.</span> <span class='ocrx_word' id='word_1_300' title='bbox 739 3776 774 3828; x_wconf 89' lang='lat' dir='ltr'>de</span> <span class='ocrx_word' id='word_1_301' title='bbox 800 3776 901 3829; x_wconf 82' lang='lat' dir='ltr'>edmin.</span> <span class='ocrx_word' id='word_1_302' title='bbox 928 3777 993 3845; x_wconf 77' lang='lat' dir='ltr'>Imp.</span> <span class='ocrx_word' id='word_1_303' title='bbox 1020 3791 1044 3828; x_wconf 86' lang='lat' dir='ltr'>c.</span> <span class='ocrx_word' id='word_1_304' title='bbox 1070 3775 1121 3840; x_wconf 74' lang='lat'>263</span> <span class='ocrx_word' id='word_1_305' title='bbox 1149 3775 1276 3844; x_wconf 70' lang='lat' dir='ltr'>Hogoniss</span> <span class='ocrx_word' id='word_1_306' title='bbox 1301 3781 1329 3828; x_wconf 83' lang='lat' dir='ltr'>et</span> 
     </span>
     <span class='ocr_line' id='line_1_39' title="bbox 192 3847 1328 3918; baseline 0.004 -18"><span class='ocrx_word' id='word_1_307' title='bbox 192 3847 317 3901; x_wconf 78' lang='lat' dir='ltr'>Lotberii</span> <span class='ocrx_word' id='word_1_308' title='bbox 336 3848 444 3902; x_wconf 80' lang='lat' dir='ltr'>tabulas</span> <span class='ocrx_word' id='word_1_309' title='bbox 465 3849 510 3902; x_wconf 87' lang='lat' dir='ltr'>die</span> <span class='ocrx_word' id='word_1_310' title='bbox 531 3851 574 3902; x_wconf 78' lang='grc'><strong>19.</strong></span> <span class='ocrx_word' id='word_1_311' title='bbox 594 3851 664 3903; x_wconf 88' lang='lat' dir='ltr'>Dec.</span> <span class='ocrx_word' id='word_1_312' title='bbox 684 3867 710 3902; x_wconf 81' lang='lat' dir='ltr'>e.</span> <span class='ocrx_word' id='word_1_313' title='bbox 731 3851 785 3903; x_wconf 80' lang='grc'>937</span> <span class='ocrx_word' id='word_1_314' title='bbox 804 3853 833 3903; x_wconf 81' lang='lat' dir='ltr'>ln</span> <span class='ocrx_word' id='word_1_315' title='bbox 853 3858 928 3903; x_wconf 86' lang='lat' dir='ltr'>corte</span> <span class='ocrx_word' id='word_1_316' title='bbox 948 3865 1018 3918; x_wconf 74' lang='lat' dir='ltr'>quae</span> <span class='ocrx_word' id='word_1_317' title='bbox 1038 3849 1208 3904; x_wconf 75' lang='lat' dir='ltr'>Columbans</span> <span class='ocrx_word' id='word_1_318' title='bbox 1228 3849 1328 3905; x_wconf 81' lang='lat' dir='ltr'>dicitur</span> 
     </span>
     <span class='ocr_line' id='line_1_40' title="bbox 194 3921 1327 3993; baseline 0.003 -18"><span class='ocrx_word' id='word_1_319' title='bbox 194 3921 272 3976; x_wconf 81' lang='lat' dir='ltr'>datas</span> <span class='ocrx_word' id='word_1_320' title='bbox 291 3922 379 3991; x_wconf 83' lang='lat' dir='ltr'>(Mon.</span> <span class='ocrx_word' id='word_1_321' title='bbox 397 3924 459 3977; x_wconf 86' lang='lat' dir='ltr'>bist.</span> <span class='ocrx_word' id='word_1_322' title='bbox 481 3931 553 3993; x_wconf 84' lang='lat' dir='ltr'>patr.</span> <span class='ocrx_word' id='word_1_323' title='bbox 571 3926 651 3989; x_wconf 82' lang='lat' dir='ltr'>XIII,</span> <span class='ocrx_word' id='word_1_324' title='bbox 671 3926 734 3978; x_wconf 78' lang='grc'><strong>949.</strong></span> <span class='ocrx_word' id='word_1_325' title='bbox 754 3924 832 3992; x_wconf 75' lang='lat' dir='ltr'>att).</span> <span class='ocrx_word' id='word_1_326' title='bbox 908 3924 939 3992; x_wconf 83' lang='grc'>9)</span> <span class='ocrx_word' id='word_1_327' title='bbox 958 3927 1036 3978; x_wconf 84' lang='lat' dir='ltr'>Anno</span> <span class='ocrx_word' id='word_1_328' title='bbox 1059 3924 1113 3978; x_wconf 76' lang='lat' dir='ltr'>otu</span> <span class='ocrx_word' id='word_1_329' title='bbox 1134 3925 1161 3977; x_wconf 90' lang='lat' dir='ltr'>d.</span> <span class='ocrx_word' id='word_1_330' title='bbox 1180 3925 1262 3978; x_wconf 72' lang='lat' dir='ltr'>biert.</span> <span class='ocrx_word' id='word_1_331' title='bbox 1284 3926 1327 3978; x_wconf 86' lang='grc'><strong>11.</strong></span> 
     </span>
     <span class='ocr_line' id='line_1_41' title="bbox 192 3997 1328 4069; baseline 0.005 -20"><span class='ocrx_word' id='word_1_332' title='bbox 192 3999 221 4048; x_wconf 90' lang='lat' dir='ltr'>in</span> <span class='ocrx_word' id='word_1_333' title='bbox 245 3998 315 4050; x_wconf 79' lang='lat' dir='ltr'>vivis</span> <span class='ocrx_word' id='word_1_334' title='bbox 340 4005 398 4051; x_wconf 74' lang='lat' dir='ltr'>eret</span> <span class='ocrx_word' id='word_1_335' title='bbox 418 3997 508 4062; x_wconf 87' lang='lat' dir='ltr'>Wido,</span> <span class='ocrx_word' id='word_1_336' title='bbox 532 4015 603 4053; x_wconf 71' lang='lat' dir='ltr'>enno</span> <span class='ocrx_word' id='word_1_337' title='bbox 627 4005 759 4069; x_wconf 83' lang='lat' dir='ltr'>aequente</span> <span class='ocrx_word' id='word_1_338' title='bbox 785 3999 812 4051; x_wconf 87' lang='lat' dir='ltr'>d.</span> <span class='ocrx_word' id='word_1_339' title='bbox 834 4000 879 4051; x_wconf 75' lang='grc'><strong>14.</strong></span> <span class='ocrx_word' id='word_1_340' title='bbox 898 3999 981 4053; x_wconf 76' lang='lat' dir='ltr'>Febr.</span> <span class='ocrx_word' id='word_1_341' title='bbox 1006 3999 1144 4054; x_wconf 83' lang='lat' dir='ltr'>Bosonem</span> <span class='ocrx_word' id='word_1_342' title='bbox 1169 4002 1328 4069; x_wconf 78' lang='lat' dir='ltr'>episcopum</span> 
     </span>
     <span class='ocr_line' id='line_1_42' title="bbox 195 4071 1328 4142; baseline 0.004 -19"><span class='ocrx_word' id='word_1_343' title='bbox 195 4071 356 4125; x_wconf 77' lang='lat' dir='ltr'>offendImns</span> <span class='ocrx_word' id='word_1_344' title='bbox 384 4071 494 4142; x_wconf 85' lang='lat' dir='ltr'>(Campi</span> <span class='ocrx_word' id='word_1_345' title='bbox 520 4073 584 4127; x_wconf 86' lang='lat' dir='ltr'>hist.</span> <span class='ocrx_word' id='word_1_346' title='bbox 612 4074 640 4127; x_wconf 85' lang='lat' dir='ltr'>di</span> <span class='ocrx_word' id='word_1_347' title='bbox 665 4075 801 4128; x_wconf 83' lang='lat' dir='ltr'>Pieoenaa</span> <span class='ocrx_word' id='word_1_348' title='bbox 826 4074 849 4138; x_wconf 91' lang='lat' dir='ltr'>I,</span> <span class='ocrx_word' id='word_1_349' title='bbox 873 4073 944 4138; x_wconf 79' lang='grc'><strong>488,</strong></span> <span class='ocrx_word' id='word_1_350' title='bbox 971 4073 995 4136; x_wconf 91' lang='lat' dir='ltr'>I,</span> <span class='ocrx_word' id='word_1_351' title='bbox 1014 4072 1093 4141; x_wconf 83' lang='grc'><strong>966).</strong></span> <span class='ocrx_word' id='word_1_352' title='bbox 1143 4072 1185 4127; x_wconf 81' lang='lat' dir='ltr'>Cf.</span> <span class='ocrx_word' id='word_1_353' title='bbox 1212 4076 1284 4128; x_wconf 65' lang='lat' dir='ltr'>Infra</span> <span class='ocrx_word' id='word_1_354' title='bbox 1301 4073 1328 4127; x_wconf 77' lang='lat' dir='ltr'><strong>V</strong></span> 
     </span>
     <span class='ocr_line' id='line_1_43' title="bbox 194 4144 1328 4216; baseline 0.006 -19"><span class='ocrx_word' id='word_1_355' title='bbox 194 4160 217 4198; x_wconf 90' lang='lat' dir='ltr'>c.</span> <span class='ocrx_word' id='word_1_356' title='bbox 235 4144 280 4197; x_wconf 75' lang='lat'>20.</span> <span class='ocrx_word' id='word_1_357' title='bbox 300 4145 345 4198; x_wconf 80' lang='grc'><strong>30.</strong></span> <span class='ocrx_word' id='word_1_358' title='bbox 403 4145 433 4214; x_wconf 83' lang='grc'>3)</span> <span class='ocrx_word' id='word_1_359' title='bbox 453 4147 496 4204; x_wconf 83' lang='lat' dir='ltr'>Of.</span> <span class='ocrx_word' id='word_1_360' title='bbox 509 4148 553 4201; x_wconf 92' lang='lat'>111</span> <span class='ocrx_word' id='word_1_361' title='bbox 574 4165 598 4201; x_wconf 90' lang='lat' dir='ltr'>e.</span> <span class='ocrx_word' id='word_1_362' title='bbox 612 4150 658 4202; x_wconf 77' lang='lat'>41.</span> <span class='ocrx_word' id='word_1_363' title='bbox 686 4148 816 4202; x_wconf 83' lang='lat' dir='ltr'>Rotlinde</span> <span class='ocrx_word' id='word_1_364' title='bbox 836 4147 893 4200; x_wconf 75' lang='lat' dir='ltr'>ulis</span> <span class='ocrx_word' id='word_1_365' title='bbox 911 4147 1038 4216; x_wconf 67' lang='lat' dir='ltr'>lingonis</span> <span class='ocrx_word' id='word_1_366' title='bbox 1055 4149 1129 4216; x_wconf 69' lang='lat' dir='ltr'>regis</span> <span class='ocrx_word' id='word_1_367' title='bbox 1149 4149 1328 4204; x_wconf 74' lang='lat' dir='ltr'>etRotrndu</span> 
     </span>
     <span class='ocr_line' id='line_1_44' title="bbox 194 4221 1329 4292; baseline 0.006 -21"><span class='ocrx_word' id='word_1_368' title='bbox 194 4221 349 4274; x_wconf 67' lang='lat' dir='ltr'>comitissae</span> <span class='ocrx_word' id='word_1_369' title='bbox 375 4237 445 4290; x_wconf 82' lang='lat' dir='ltr'>qnae</span> <span class='ocrx_word' id='word_1_370' title='bbox 465 4229 493 4274; x_wconf 86' lang='lat' dir='ltr'>et</span> <span class='ocrx_word' id='word_1_371' title='bbox 511 4223 586 4276; x_wconf 80' lang='lat' dir='ltr'>Roaa</span> <span class='ocrx_word' id='word_1_372' title='bbox 605 4225 697 4292; x_wconf 85' lang='lat' dir='ltr'>nupsit</span> <span class='ocrx_word' id='word_1_373' title='bbox 715 4222 852 4276; x_wconf 78' lang='lat' dir='ltr'>Elisiardo</span> <span class='ocrx_word' id='word_1_374' title='bbox 873 4224 974 4286; x_wconf 84' lang='lat' dir='ltr'>comiti,</span> <span class='ocrx_word' id='word_1_375' title='bbox 994 4223 1044 4276; x_wconf 81' lang='lat' dir='ltr'>cfr.</span> <span class='ocrx_word' id='word_1_376' title='bbox 1063 4224 1189 4291; x_wconf 67' lang='lat' dir='ltr'>Engonia</span> <span class='ocrx_word' id='word_1_377' title='bbox 1209 4224 1329 4278; x_wconf 73' lang='lat' dir='ltr'>eurem</span> 
     </span>
     <span class='ocr_line' id='line_1_45' title="bbox 193 4294 1327 4367; baseline 0.004 -21"><span class='ocrx_word' id='word_1_378' title='bbox 193 4309 218 4346; x_wconf 81' lang='lat' dir='ltr'>a.</span> <span class='ocrx_word' id='word_1_379' title='bbox 238 4295 292 4346; x_wconf 79' lang='grc'>916</span> <span class='ocrx_word' id='word_1_380' title='bbox 312 4294 398 4363; x_wconf 84' lang='lat' dir='ltr'>(Mon.</span> <span class='ocrx_word' id='word_1_381' title='bbox 418 4295 481 4350; x_wconf 84' lang='lat' dir='ltr'>bist.</span> <span class='ocrx_word' id='word_1_382' title='bbox 500 4304 568 4366; x_wconf 86' lang='lat' dir='ltr'>patr.</span> <span class='ocrx_word' id='word_1_383' title='bbox 589 4297 670 4361; x_wconf 85' lang='lat' dir='ltr'>XIII,</span> <span class='ocrx_word' id='word_1_384' title='bbox 690 4297 767 4364; x_wconf 81' lang='grc'><strong>989).</strong></span> <span class='ocrx_word' id='word_1_385' title='bbox 824 4297 855 4364; x_wconf 76' lang='lat' dir='ltr'>l)</span> <span class='ocrx_word' id='word_1_386' title='bbox 868 4295 1033 4352; x_wconf 75' lang='lat' dir='ltr'>Memleben.</span> <span class='ocrx_word' id='word_1_387' title='bbox 1088 4297 1118 4365; x_wconf 82' lang='grc'>6)</span> <span class='ocrx_word' id='word_1_388' title='bbox 1132 4297 1327 4367; x_wconf 68' lang='lat' dir='ltr'>Quodlinbnrg.</span> 
     </span>
     <span class='ocr_line' id='line_1_46' title="bbox 193 4366 662 4438; baseline 0.017 -20"><span class='ocrx_word' id='word_1_389' title='bbox 193 4366 224 4438; x_wconf 91' lang='grc'>6)</span> <span class='ocrx_word' id='word_1_390' title='bbox 244 4368 319 4422; x_wconf 88' lang='lat' dir='ltr'>Obiit</span> <span class='ocrx_word' id='word_1_391' title='bbox 340 4369 368 4424; x_wconf 86' lang='lat' dir='ltr'>d.</span> <span class='ocrx_word' id='word_1_392' title='bbox 388 4371 431 4422; x_wconf 85' lang='lat'>14.</span> <span class='ocrx_word' id='word_1_393' title='bbox 451 4371 531 4425; x_wconf 84' lang='lat' dir='ltr'>Mart.</span> <span class='ocrx_word' id='word_1_394' title='bbox 551 4388 577 4426; x_wconf 83' lang='lat' dir='ltr'>e.</span> <span class='ocrx_word' id='word_1_395' title='bbox 598 4371 662 4426; x_wconf 86' lang='grc'><strong>966.</strong></span> 
     </span>
    </p>
   </div>
   <div class='ocr_carea' id='block_1_6' title="bbox 0 0 1477 4718">
    <p class='ocr_par' dir='ltr' id='par_1_10' title="bbox 0 0 1477 4718">
     <span class='ocr_line' id='line_1_47' title="bbox 0 0 1477 4718; baseline 0 0"><span class='ocrx_word' id='word_1_396' title='bbox 0 0 1477 4718; x_wconf 95' lang='lat' dir='ltr'> </span> 
     </span>
    </p>
   </div>
  </div>
 </body>
</html>
