<?xml version="1.0" encoding="UTF-8"?>
<!DOCTYPE html PUBLIC "-//W3C//DTD XHTML 1.0 Transitional//EN"
    "http://www.w3.org/TR/xhtml1/DTD/xhtml1-transitional.dtd">
<html xmlns="http://www.w3.org/1999/xhtml" xml:lang="en" lang="en">
 <head>
  <title>
</title>
<meta http-equiv="Content-Type" content="text/html;charset=utf-8" />
  <meta name='ocr-system' content='tesseract 3.04.00' />
  <meta name='ocr-capabilities' content='ocr_page ocr_carea ocr_par ocr_line ocrx_word'/>
</head>
<body>
  <div class='ocr_page' id='page_1' title='image "./operaomnia00liudgoog_0140.png"; bbox 0 0 2932 4718; ppageno 0'>
   <div class='ocr_carea' id='block_1_1' title="bbox 231 271 1220 330">
    <p class='ocr_par' dir='ltr' id='par_1_1' title="bbox 231 271 1220 330">
     <span class='ocr_line' id='line_1_1' title="bbox 231 271 1220 330; baseline -0.004 -1"><span class='ocrx_word' id='word_1_1' title='bbox 231 279 283 329; x_wconf 80' lang='lat'><strong>114</strong></span> <span class='ocrx_word' id='word_1_2' title='bbox 376 274 610 330; x_wconf 68' lang='lat' dir='ltr'><strong>truncatum</strong></span> <span class='ocrx_word' id='word_1_3' title='bbox 628 272 894 328; x_wconf 68' lang='lat' dir='ltr'><strong>maroneam.</strong></span> <span class='ocrx_word' id='word_1_4' title='bbox 931 271 1004 326; x_wconf 75' lang='lat' dir='ltr'><strong>mn.</strong></span> <span class='ocrx_word' id='word_1_5' title='bbox 1023 272 1059 328; x_wconf 87' lang='lat' dir='ltr'><strong>V.</strong></span> <span class='ocrx_word' id='word_1_6' title='bbox 1098 271 1220 326; x_wconf 74' lang='lat' dir='ltr'><strong>to-ti.</strong></span> 
     </span>
    </p>
   </div>
   <div class='ocr_carea' id='block_1_2' title="bbox 166 440 1374 787">
    <p class='ocr_par' dir='ltr' id='par_1_2' title="bbox 166 440 1374 787">
     <span class='ocr_line' id='line_1_2' title="bbox 166 440 1372 545; baseline 0.001 -37"><span class='ocrx_word' id='word_1_7' title='bbox 166 465 217 510; x_wconf 74' lang='lat' dir='ltr'><strong>aaa.</strong></span> <span class='ocrx_word' id='word_1_8' title='bbox 229 467 326 538; x_wconf 85' lang='lat' dir='ltr'><strong>posse</strong></span> <span class='ocrx_word' id='word_1_9' title='bbox 347 446 561 545; x_wconf 72' lang='lat' dir='ltr'><strong>conspiceret,</strong></span> <span class='ocrx_word' id='word_1_10' title='bbox 582 442 757 510; x_wconf 86' lang='lat' dir='ltr'><strong>Mannasse</strong></span> <span class='ocrx_word' id='word_1_11' title='bbox 778 441 990 510; x_wconf 82' lang='lat' dir='ltr'><strong>ambitionem</strong></span> <span class='ocrx_word' id='word_1_12' title='bbox 1019 453 1052 511; x_wconf 90' lang='lat' dir='ltr'><strong>et</strong></span> <span class='ocrx_word' id='word_1_13' title='bbox 1073 441 1308 525; x_wconf 80' lang='lat' dir='ltr'><strong>kenodoxiam,</strong></span> <span class='ocrx_word' id='word_1_14' title='bbox 1327 440 1372 543; x_wconf 35' lang='lat' dir='ltr'><strong>,id</strong></span> 
     </span>
     <span class='ocr_line' id='line_1_3' title="bbox 229 525 1373 706; baseline -0.004 -21"><span class='ocrx_word' id='word_1_15' title='bbox 229 527 619 706; x_wconf 50' lang='lat' dir='ltr'><strong>ihlfflnglmolt</strong></span> <span class='ocrx_word' id='word_1_16' title='bbox 646 525 1373 703; x_wconf 50' lang='lat' dir='ltr'><strong>,gpffionqqoffiqmpffiw</strong></span> 
     </span>
     <span class='ocr_line' id='line_1_4' title="bbox 229 697 1374 787; baseline -0.006 -16"><span class='ocrx_word' id='word_1_17' title='bbox 229 700 411 784; x_wconf 77' lang='lat' dir='ltr'><strong>tradideris,</strong></span> <span class='ocrx_word' id='word_1_18' title='bbox 451 697 687 787; x_wconf 89' lang='lat' dir='ltr'><strong>dominumque</strong></span> <span class='ocrx_word' id='word_1_19' title='bbox 728 709 822 765; x_wconf 91' lang='lat' dir='ltr'><strong>tuum</strong></span> <span class='ocrx_word' id='word_1_20' title='bbox 862 697 1060 765; x_wconf 82' lang='lat' dir='ltr'><strong>Mannsssen</strong></span> <span class='ocrx_word' id='word_1_21' title='bbox 1094 697 1138 764; x_wconf 89' lang='lat' dir='ltr'><strong>ad</strong></span> <span class='ocrx_word' id='word_1_22' title='bbox 1173 697 1374 766; x_wconf 72' lang='lat' dir='ltr'><strong>adiutodum</strong></span> 
     </span>
    </p>
   </div>
   <div class='ocr_carea' id='block_1_3' title="bbox 228 951 1374 1043">
    <p class='ocr_par' dir='ltr' id='par_1_3' title="bbox 228 951 1374 1043">
     <span class='ocr_line' id='line_1_5' title="bbox 228 951 1374 1043; baseline -0.005 -18"><span class='ocrx_word' id='word_1_23' title='bbox 228 955 370 1026; x_wconf 87' lang='lat' dir='ltr'><strong>donabo.</strong></span> <span class='ocrx_word' id='word_1_24' title='bbox 445 964 459 1023; x_wconf 93' lang='lat' dir='ltr'><strong>t</strong></span> <span class='ocrx_word' id='word_1_25' title='bbox 480 963 517 1022; x_wconf 92' lang='lat' dir='ltr'><strong>ut</strong></span> <span class='ocrx_word' id='word_1_26' title='bbox 538 954 742 1043; x_wconf 72' lang='lat' dir='ltr'><strong>promittenti</strong></span> <span class='ocrx_word' id='word_1_27' title='bbox 763 953 844 1021; x_wconf 84' lang='lat' dir='ltr'><strong>mihi</strong></span> <span class='ocrx_word' id='word_1_28' title='bbox 857 953 957 1022; x_wconf 89' lang='lat' dir='ltr'><strong>fidem</strong></span> <span class='ocrx_word' id='word_1_29' title='bbox 972 953 1136 1036; x_wconf 84' lang='lat' dir='ltr'><strong>admittas,</strong></span> <span class='ocrx_word' id='word_1_30' title='bbox 1158 952 1249 1042; x_wconf 90' lang='lat' dir='ltr'><strong>quod</strong></span> <span class='ocrx_word' id='word_1_31' title='bbox 1262 951 1374 1021; x_wconf 85' lang='lat' dir='ltr'><strong>verbis</strong></span> 
     </span>
    </p>
   </div>
   <div class='ocr_carea' id='block_1_4' title="bbox 228 1036 1395 1363">
    <p class='ocr_par' dir='ltr' id='par_1_4' title="bbox 228 1036 1395 1363">
     <span class='ocr_line' id='line_1_6' title="bbox 230 1036 1374 1126; baseline -0.005 -16"><span class='ocrx_word' id='word_1_32' title='bbox 230 1040 387 1126; x_wconf 88' lang='lat' dir='ltr'><strong>sondeo,</strong></span> <span class='ocrx_word' id='word_1_33' title='bbox 425 1041 617 1106; x_wconf 84' lang='lat' dir='ltr'><strong>iuramentis</strong></span> <span class='ocrx_word' id='word_1_34' title='bbox 648 1036 805 1105; x_wconf 87' lang='lat' dir='ltr'><strong>adfirmo’.</strong></span> <span class='ocrx_word' id='word_1_35' title='bbox 858 1038 953 1106; x_wconf 90' lang='lat' dir='ltr'><strong>Haec</strong></span> <span class='ocrx_word' id='word_1_36' title='bbox 985 1036 1064 1104; x_wconf 91' lang='lat' dir='ltr'><strong>dum</strong></span> <span class='ocrx_word' id='word_1_37' title='bbox 1096 1037 1297 1104; x_wconf 72' lang='lat' dir='ltr'><strong>hianuosseb</strong></span> <span class='ocrx_word' id='word_1_38' title='bbox 1331 1036 1374 1104; x_wconf 90' lang='lat' dir='ltr'><strong>ab</strong></span> 
     </span>
     <span class='ocr_line' id='line_1_7' title="bbox 228 1065 1395 1208; baseline -0.007 -12"><span class='ocrx_word' id='word_1_39' title='bbox 228 1065 395 1196; x_wconf 59' lang='lat' dir='ltr'><strong>donum</strong></span> <span class='ocrx_word' id='word_1_40' title='bbox 416 1133 599 1208; x_wconf 84' lang='lat' dir='ltr'><strong>namantur,</strong></span> <span class='ocrx_word' id='word_1_41' title='bbox 620 1124 835 1191; x_wconf 90' lang='lat' dir='ltr'><strong>munitionem</strong></span> <span class='ocrx_word' id='word_1_42' title='bbox 857 1121 963 1190; x_wconf 85' lang='lat' dir='ltr'><strong>solum</strong></span> <span class='ocrx_word' id='word_1_43' title='bbox 983 1123 1067 1191; x_wconf 90' lang='lat' dir='ltr'><strong>Bere</strong></span> <span class='ocrx_word' id='word_1_44' title='bbox 1153 1125 1184 1190; x_wconf 87' lang='lat' dir='ltr'><strong>’o</strong></span> <span class='ocrx_word' id='word_1_45' title='bbox 1205 1121 1285 1189; x_wconf 86' lang='lat' dir='ltr'><strong>dare</strong></span> <span class='ocrx_word' id='word_1_46' title='bbox 1306 1142 1395 1189; x_wconf 44' lang='lat' dir='ltr'><strong>nonw</strong></span> 
     </span>
     <span class='ocr_line' id='line_1_8' title="bbox 228 1205 1375 1363; baseline -0.006 -83"><span class='ocrx_word' id='word_1_47' title='bbox 228 1213 470 1363; x_wconf 40' lang='lat' dir='ltr'><strong>iussitqperum</strong></span> <span class='ocrx_word' id='word_1_48' title='bbox 490 1209 590 1276; x_wconf 86' lang='lat' dir='ltr'><strong>etiam</strong></span> <span class='ocrx_word' id='word_1_49' title='bbox 610 1205 712 1275; x_wconf 87' lang='lat' dir='ltr'><strong>Italos</strong></span> <span class='ocrx_word' id='word_1_50' title='bbox 733 1230 847 1276; x_wconf 88' lang='lat' dir='ltr'><strong>omues</strong></span> <span class='ocrx_word' id='word_1_51' title='bbox 867 1208 938 1276; x_wconf 88' lang='lat' dir='ltr'><strong>eius</strong></span> <span class='ocrx_word' id='word_1_52' title='bbox 965 1209 1001 1275; x_wconf 90' lang='lat' dir='ltr'><strong>in</strong></span> <span class='ocrx_word' id='word_1_53' title='bbox 1029 1230 1050 1274; x_wconf 90' lang='lat' dir='ltr'><strong>a</strong></span> <span class='ocrx_word' id='word_1_54' title='bbox 1121 1208 1188 1274; x_wconf 88' lang='lat' dir='ltr'><strong>&#39;um</strong></span> <span class='ocrx_word' id='word_1_55' title='bbox 1209 1206 1375 1274; x_wconf 82' lang='lat' dir='ltr'><strong>invitavit.</strong></span> 
     </span>
    </p>
   </div>
   <div class='ocr_carea' id='block_1_5' title="bbox 121 1290 1379 3594">
    <p class='ocr_par' dir='ltr' id='par_1_5' title="bbox 228 1290 1378 2247">
     <span class='ocr_line' id='line_1_9' title="bbox 410 1290 1376 1382; baseline -0.003 -21"><span class='ocrx_word' id='word_1_56' title='bbox 410 1293 516 1361; x_wconf 80' lang='lat' dir='ltr'><strong>Fama</strong></span> <span class='ocrx_word' id='word_1_57' title='bbox 535 1292 646 1381; x_wconf 78' lang='lat' dir='ltr'><strong>igitur,</strong></span> <span class='ocrx_word' id='word_1_58' title='bbox 669 1291 801 1360; x_wconf 84' lang='lat' dir='ltr'><strong>‘malum</strong></span> <span class='ocrx_word' id='word_1_59' title='bbox 824 1315 889 1382; x_wconf 88' lang='lat' dir='ltr'><strong>quo</strong></span> <span class='ocrx_word' id='word_1_60' title='bbox 910 1315 977 1361; x_wconf 91' lang='lat' dir='ltr'><strong>non</strong></span> <span class='ocrx_word' id='word_1_61' title='bbox 998 1292 1137 1360; x_wconf 74' lang='lat' dir='ltr'><strong>velotius</strong></span> <span class='ocrx_word' id='word_1_62' title='bbox 1152 1290 1257 1358; x_wconf 86' lang='lat' dir='ltr'><strong>ullum</strong></span> <span class='ocrx_word' id='word_1_63' title='bbox 1270 1291 1376 1360; x_wconf 89' lang='lat' dir='ltr'><strong>mobi-</strong></span> 
     </span>
     <span class='ocr_line' id='line_1_10' title="bbox 229 1375 1376 1468; baseline -0.004 -20"><span class='ocrx_word' id='word_1_64' title='bbox 229 1381 319 1450; x_wconf 88' lang='lat' dir='ltr'><strong>litate</strong></span> <span class='ocrx_word' id='word_1_65' title='bbox 340 1381 374 1446; x_wconf 93' lang='lat' dir='ltr'><strong>vi</strong></span> <span class='ocrx_word' id='word_1_66' title='bbox 416 1383 471 1463; x_wconf 62' lang='grc' dir='ltr'><strong>θ’,</strong></span> <span class='ocrx_word' id='word_1_67' title='bbox 493 1378 686 1468; x_wconf 70' lang='lat' dir='ltr'><strong>Ber-angarii</strong></span> <span class='ocrx_word' id='word_1_68' title='bbox 707 1378 886 1446; x_wconf 89' lang='lat' dir='ltr'><strong>adventum</strong></span> <span class='ocrx_word' id='word_1_69' title='bbox 931 1399 1009 1445; x_wconf 89' lang='lat' dir='ltr'><strong>uam</strong></span> <span class='ocrx_word' id='word_1_70' title='bbox 1031 1400 1111 1445; x_wconf 87' lang='lat' dir='ltr'><strong>mox</strong></span> <span class='ocrx_word' id='word_1_71' title='bbox 1126 1375 1278 1445; x_wconf 88' lang='lat' dir='ltr'><strong>omnibus</strong></span> <span class='ocrx_word' id='word_1_72' title='bbox 1292 1398 1376 1444; x_wconf 89' lang='lat' dir='ltr'><strong>nun·</strong></span> 
     </span>
     <span class='ocr_line' id='line_1_11' title="bbox 228 1461 1376 1615; baseline -0.004 -81"><span class='ocrx_word' id='word_1_73' title='bbox 228 1467 332 1534; x_wconf 81' lang='lat' dir='ltr'><strong>tiavit</strong></span> <span class='ocrx_word' id='word_1_74' title='bbox 407 1473 610 1615; x_wconf 68' lang='lat' dir='ltr'><strong>eperuntqpe</strong></span> <span class='ocrx_word' id='word_1_75' title='bbox 632 1485 712 1530; x_wconf 84' lang='lat' dir='ltr'><strong>mox</strong></span> <span class='ocrx_word' id='word_1_76' title='bbox 733 1462 889 1548; x_wconf 87' lang='lat' dir='ltr'><strong>nonnulli,</strong></span> <span class='ocrx_word' id='word_1_77' title='bbox 953 1486 1063 1552; x_wconf 85' lang='lat' dir='ltr'><strong>ugone</strong></span> <span class='ocrx_word' id='word_1_78' title='bbox 1085 1463 1224 1546; x_wconf 85' lang='lat' dir='ltr'><strong>deserto,</strong></span> <span class='ocrx_word' id='word_1_79' title='bbox 1253 1461 1376 1530; x_wconf 88' lang='lat' dir='ltr'><strong>Beren-</strong></span> 
     </span>
     <span class='ocr_line' id='line_1_12' title="bbox 229 1548 1376 1641; baseline -0.003 -22"><span class='ocrx_word' id='word_1_80' title='bbox 229 1553 322 1641; x_wconf 79' lang='lat' dir='ltr'><strong>gario</strong></span> <span class='ocrx_word' id='word_1_81' title='bbox 343 1550 510 1620; x_wconf 75' lang='lat' dir='ltr'><strong>adherere.</strong></span> <span class='ocrx_word' id='word_1_82' title='bbox 590 1570 684 1616; x_wconf 85' lang='lat' dir='ltr'><strong>orum</strong></span> <span class='ocrx_word' id='word_1_83' title='bbox 697 1548 788 1631; x_wconf 88' lang='lat' dir='ltr'><strong>Milo,</strong></span> <span class='ocrx_word' id='word_1_84' title='bbox 810 1561 986 1639; x_wconf 76' lang='lat' dir='ltr'><strong>prepotens</strong></span> <span class='ocrx_word' id='word_1_85' title='bbox 1000 1549 1239 1617; x_wconf 88' lang='lat' dir='ltr'><strong>Veronensium</strong></span> <span class='ocrx_word' id='word_1_86' title='bbox 1254 1569 1376 1631; x_wconf 88' lang='lat' dir='ltr'><strong>comes,</strong></span> 
     </span>
     <span class='ocr_line' id='line_1_13' title="bbox 230 1631 1377 1724; baseline -0.005 -20"><span class='ocrx_word' id='word_1_87' title='bbox 230 1637 337 1705; x_wconf 89' lang='lat' dir='ltr'><strong>extitit</strong></span> <span class='ocrx_word' id='word_1_88' title='bbox 388 1637 501 1718; x_wconf 88' lang='lat' dir='ltr'><strong>rimus,</strong></span> <span class='ocrx_word' id='word_1_89' title='bbox 528 1633 692 1722; x_wconf 88' lang='lat' dir='ltr'><strong>quidum</strong></span> <span class='ocrx_word' id='word_1_90' title='bbox 719 1633 855 1722; x_wconf 82' lang='lat' dir='ltr'><strong>Hugoni</strong></span> <span class='ocrx_word' id='word_1_91' title='bbox 887 1645 1070 1723; x_wconf 87' lang='lat' dir='ltr'><strong>suspectus,</strong></span> <span class='ocrx_word' id='word_1_92' title='bbox 1100 1633 1260 1724; x_wconf 88' lang='lat' dir='ltr'><strong>appositis</strong></span> <span class='ocrx_word' id='word_1_93' title='bbox 1289 1631 1377 1699; x_wconf 87' lang='lat' dir='ltr'><strong>clam</strong></span> 
     </span>
     <span class='ocr_line' id='line_1_14' title="bbox 230 1659 1376 1820; baseline -0.004 -31"><span class='ocrx_word' id='word_1_94' title='bbox 230 1659 420 1790; x_wconf 61' lang='lat' dir='ltr'><strong>custodillus</strong></span> <span class='ocrx_word' id='word_1_95' title='bbox 439 1730 636 1804; x_wconf 80' lang='lat' dir='ltr'><strong>servaretur,</strong></span> <span class='ocrx_word' id='word_1_96' title='bbox 662 1718 831 1786; x_wconf 88' lang='lat' dir='ltr'><strong>simulatus</strong></span> <span class='ocrx_word' id='word_1_97' title='bbox 853 1741 888 1786; x_wconf 87' lang='lat' dir='ltr'><strong>se</strong></span> <span class='ocrx_word' id='word_1_98' title='bbox 910 1742 976 1787; x_wconf 92' lang='lat' dir='ltr'><strong>non</strong></span> <span class='ocrx_word' id='word_1_99' title='bbox 997 1717 1183 1820; x_wconf 76' lang='lat' dir='ltr'><strong>intellegere</strong></span> <span class='ocrx_word' id='word_1_100' title='bbox 1206 1717 1376 1801; x_wconf 90' lang='lat' dir='ltr'><strong>custodiri,</strong></span> 
     </span>
     <span class='ocr_line' id='line_1_15' title="bbox 229 1802 1376 1955; baseline -0.003 -81"><span class='ocrx_word' id='word_1_101' title='bbox 229 1806 332 1874; x_wconf 84' lang='lat' dir='ltr'><strong>ferme</strong></span> <span class='ocrx_word' id='word_1_102' title='bbox 364 1827 479 1873; x_wconf 89' lang='lat' dir='ltr'><strong>cenam</strong></span> <span class='ocrx_word' id='word_1_103' title='bbox 508 1825 614 1892; x_wconf 89' lang='lat' dir='ltr'><strong>usque</strong></span> <span class='ocrx_word' id='word_1_104' title='bbox 643 1804 686 1870; x_wconf 89' lang='lat' dir='ltr'><strong>ad</strong></span> <span class='ocrx_word' id='word_1_105' title='bbox 714 1805 820 1870; x_wconf 87' lang='lat' dir='ltr'><strong>noctis</strong></span> <span class='ocrx_word' id='word_1_106' title='bbox 841 1805 1010 1955; x_wconf 79' lang='lat' dir='ltr'><strong>pertraxit</strong></span> <span class='ocrx_word' id='word_1_107' title='bbox 1036 1802 1199 1888; x_wconf 81' lang='lat' dir='ltr'><strong>medrum3</strong></span> <span class='ocrx_word' id='word_1_108' title='bbox 1233 1824 1376 1892; x_wconf 90' lang='lat' dir='ltr'><strong>cumque</strong></span> 
     </span>
     <span class='ocr_line' id='line_1_16' title="bbox 230 1888 1377 1979; baseline -0.004 -20"><span class='ocrx_word' id='word_1_109' title='bbox 230 1913 343 1959; x_wconf 88' lang='lat' dir='ltr'><strong>omnes</strong></span> <span class='ocrx_word' id='word_1_110' title='bbox 365 1901 433 1958; x_wconf 87' lang='lat' dir='ltr'><strong>tam</strong></span> <span class='ocrx_word' id='word_1_111' title='bbox 455 1910 570 1956; x_wconf 84' lang='lat' dir='ltr'><strong>somno</strong></span> <span class='ocrx_word' id='word_1_112' title='bbox 593 1911 693 1979; x_wconf 87' lang='lat' dir='ltr'><strong>quam</strong></span> <span class='ocrx_word' id='word_1_113' title='bbox 714 1888 798 1956; x_wconf 89' lang='lat' dir='ltr'><strong>lieo²</strong></span> <span class='ocrx_word' id='word_1_114' title='bbox 821 1910 841 1954; x_wconf 93' lang='lat' dir='ltr'><strong>a</strong></span> <span class='ocrx_word' id='word_1_115' title='bbox 864 1891 1003 1978; x_wconf 83' lang='lat' dir='ltr'><strong>gravati,</strong></span> <span class='ocrx_word' id='word_1_116' title='bbox 1027 1909 1166 1977; x_wconf 84' lang='lat' dir='ltr'><strong>corpora</strong></span> <span class='ocrx_word' id='word_1_117' title='bbox 1188 1889 1291 1978; x_wconf 87' lang='lat' dir='ltr'><strong>quieti</strong></span> <span class='ocrx_word' id='word_1_118' title='bbox 1312 1900 1377 1954; x_wconf 89' lang='lat' dir='ltr'><strong>tra·</strong></span> 
     </span>
     <span class='ocr_line' id='line_1_17' title="bbox 231 1972 1378 2064; baseline -0.003 -21"><span class='ocrx_word' id='word_1_119' title='bbox 231 1975 384 2059; x_wconf 68' lang='lat' dir='ltr'><strong>(taranta,</strong></span> <span class='ocrx_word' id='word_1_120' title='bbox 416 1972 484 2042; x_wconf 89' lang='lat' dir='ltr'><strong>solo</strong></span> <span class='ocrx_word' id='word_1_121' title='bbox 515 1997 550 2042; x_wconf 89' lang='lat' dir='ltr'><strong>se</strong></span> <span class='ocrx_word' id='word_1_122' title='bbox 578 1976 636 2064; x_wconf 89' lang='lat' dir='ltr'><strong>qui</strong></span> <span class='ocrx_word' id='word_1_123' title='bbox 664 1976 735 2041; x_wconf 89' lang='lat' dir='ltr'><strong>eius</strong></span> <span class='ocrx_word' id='word_1_124' title='bbox 768 1984 956 2064; x_wconf 88' lang='lat' dir='ltr'><strong>portaverat</strong></span> <span class='ocrx_word' id='word_1_125' title='bbox 988 1972 1156 2063; x_wconf 89' lang='lat' dir='ltr'><strong>clipeum</strong></span> <span class='ocrx_word' id='word_1_126' title='bbox 1189 1973 1378 2059; x_wconf 85' lang='lat' dir='ltr'><strong>comitante,</strong></span> 
     </span>
     <span class='ocr_line' id='line_1_18' title="bbox 230 2058 1378 2150; baseline -0.003 -21"><span class='ocrx_word' id='word_1_127' title='bbox 230 2061 396 2129; x_wconf 78' lang='lat' dir='ltr'><strong>Veronam</strong></span> <span class='ocrx_word' id='word_1_128' title='bbox 418 2059 562 2150; x_wconf 88' lang='lat' dir='ltr'><strong>percitus</strong></span> <span class='ocrx_word' id='word_1_129' title='bbox 583 2061 683 2143; x_wconf 89' lang='lat' dir='ltr'><strong>venit,</strong></span> <span class='ocrx_word' id='word_1_130' title='bbox 706 2058 905 2148; x_wconf 81' lang='lat' dir='ltr'><strong>directisque</strong></span> <span class='ocrx_word' id='word_1_131' title='bbox 926 2060 1049 2127; x_wconf 88' lang='lat' dir='ltr'><strong>nuntiis</strong></span> <span class='ocrx_word' id='word_1_132' title='bbox 1094 2059 1301 2148; x_wconf 82' lang='lat' dir='ltr'><strong>erengarium</strong></span> <span class='ocrx_word' id='word_1_133' title='bbox 1320 2081 1378 2126; x_wconf 87' lang='lat' dir='ltr'><strong>ex·</strong></span> 
     </span>
     <span class='ocr_line' id='line_1_19' title="bbox 232 2143 1377 2247; baseline -0.003 -34"><span class='ocrx_word' id='word_1_134' title='bbox 232 2146 328 2230; x_wconf 81' lang='lat' dir='ltr'><strong>civit3</strong></span> <span class='ocrx_word' id='word_1_135' title='bbox 361 2167 460 2234; x_wconf 88' lang='lat' dir='ltr'><strong>quem</strong></span> <span class='ocrx_word' id='word_1_136' title='bbox 488 2154 521 2212; x_wconf 88' lang='lat' dir='ltr'><strong>et</strong></span> <span class='ocrx_word' id='word_1_137' title='bbox 548 2145 584 2210; x_wconf 91' lang='lat' dir='ltr'><strong>in</strong></span> <span class='ocrx_word' id='word_1_138' title='bbox 610 2145 753 2229; x_wconf 85' lang='lat' dir='ltr'><strong>Verona,</strong></span> <span class='ocrx_word' id='word_1_139' title='bbox 786 2166 852 2247; x_wconf 84' lang='lat' dir='ltr'><strong>quo</strong></span> <span class='ocrx_word' id='word_1_140' title='bbox 880 2143 1017 2233; x_wconf 84' lang='lat' dir='ltr'><strong>Hugoni</strong></span> <span class='ocrx_word' id='word_1_141' title='bbox 1044 2144 1170 2210; x_wconf 85' lang='lat' dir='ltr'><strong>firmius</strong></span> <span class='ocrx_word' id='word_1_142' title='bbox 1198 2143 1377 2228; x_wconf 82' lang='lat' dir='ltr'><strong>resisteret,</strong></span> 
     </span>
    </p>

    <p class='ocr_par' dir='ltr' id='par_1_6' title="bbox 121 2227 1379 3594">
     <span class='ocr_line' id='line_1_20' title="bbox 121 2227 1377 2320; baseline 0.002 -27"><span class='ocrx_word' id='word_1_143' title='bbox 121 2231 389 2320; x_wconf 65' lang='lat' dir='ltr'><strong>r,aoaasuscepit</strong></span> <span class='ocrx_word' id='word_1_144' title='bbox 441 2229 528 2297; x_wconf 86' lang='lat' dir='ltr'><strong>Sane</strong></span> <span class='ocrx_word' id='word_1_145' title='bbox 560 2229 650 2297; x_wconf 90' lang='lat' dir='ltr'><strong>nulla</strong></span> <span class='ocrx_word' id='word_1_146' title='bbox 681 2229 768 2296; x_wconf 89' lang='lat' dir='ltr'><strong>hunc</strong></span> <span class='ocrx_word' id='word_1_147' title='bbox 800 2228 976 2297; x_wconf 87' lang='lat' dir='ltr'><strong>mfidelitas</strong></span> <span class='ocrx_word' id='word_1_148' title='bbox 997 2230 1040 2297; x_wconf 89' lang='lat' dir='ltr'><strong>ab</strong></span> <span class='ocrx_word' id='word_1_149' title='bbox 1069 2229 1105 2296; x_wconf 90' lang='lat' dir='ltr'><strong>H</strong></span> <span class='ocrx_word' id='word_1_150' title='bbox 1170 2251 1212 2296; x_wconf 88' lang='lat' dir='ltr'><strong>ne</strong></span> <span class='ocrx_word' id='word_1_151' title='bbox 1234 2227 1377 2308; x_wconf 72' lang='lat' dir='ltr'><strong>*divisit</strong></span> 
     </span>
     <span class='ocr_line' id='line_1_21' title="bbox 231 2314 1376 2397; baseline -0.003 -13"><span class='ocrx_word' id='word_1_152' title='bbox 231 2338 346 2384; x_wconf 86' lang='lat' dir='ltr'><strong>verum</strong></span> <span class='ocrx_word' id='word_1_153' title='bbox 367 2314 457 2382; x_wconf 86' lang='lat' dir='ltr'><strong>illata</strong></span> <span class='ocrx_word' id='word_1_154' title='bbox 478 2314 542 2383; x_wconf 88' lang='lat' dir='ltr'><strong>sibi</strong></span> <span class='ocrx_word' id='word_1_155' title='bbox 563 2314 606 2381; x_wconf 89' lang='lat' dir='ltr'><strong>ab</strong></span> <span class='ocrx_word' id='word_1_156' title='bbox 629 2315 744 2382; x_wconf 88' lang='lat' dir='ltr'><strong>eodem</strong></span> <span class='ocrx_word' id='word_1_157' title='bbox 765 2314 923 2382; x_wconf 89' lang='lat' dir='ltr'><strong>nonnulla</strong></span> <span class='ocrx_word' id='word_1_158' title='bbox 948 2317 1112 2382; x_wconf 90' lang='lat' dir='ltr'><strong>incommo</strong></span> <span class='ocrx_word' id='word_1_159' title='bbox 1165 2362 1174 2397; x_wconf 91' lang='lat'><strong>,</strong></span> <span class='ocrx_word' id='word_1_160' title='bbox 1223 2334 1287 2380; x_wconf 89' lang='lat' dir='ltr'><strong>uae</strong></span> <span class='ocrx_word' id='word_1_161' title='bbox 1308 2314 1376 2380; x_wconf 86' lang='lat' dir='ltr'><strong>iam</strong></span> 
     </span>
     <span class='ocr_line' id='line_1_22' title="bbox 232 2398 1376 2490; baseline -0.003 -22"><span class='ocrx_word' id='word_1_162' title='bbox 232 2400 290 2468; x_wconf 91' lang='lat' dir='ltr'><strong>diu</strong></span> <span class='ocrx_word' id='word_1_163' title='bbox 312 2401 471 2468; x_wconf 86' lang='lat' dir='ltr'><strong>sustinere</strong></span> <span class='ocrx_word' id='word_1_164' title='bbox 492 2421 559 2466; x_wconf 92' lang='lat' dir='ltr'><strong>nou</strong></span> <span class='ocrx_word' id='word_1_165' title='bbox 580 2402 698 2489; x_wconf 84' lang='lat' dir='ltr'><strong>potuit</strong></span> <span class='ocrx_word' id='word_1_166' title='bbox 741 2401 956 2490; x_wconf 85' lang='lat' dir='ltr'><strong>Prosequitur</strong></span> <span class='ocrx_word' id='word_1_167' title='bbox 976 2399 1064 2466; x_wconf 90' lang='lat' dir='ltr'><strong>hunc</strong></span> <span class='ocrx_word' id='word_1_168' title='bbox 1080 2398 1191 2484; x_wconf 90' lang='lat' dir='ltr'><strong>Wido,</strong></span> <span class='ocrx_word' id='word_1_169' title='bbox 1249 2399 1376 2467; x_wconf 88' lang='lat' dir='ltr'><strong>utinen·</strong></span> 
     </span>
     <span class='ocr_line' id='line_1_23' title="bbox 232 2481 1379 2573; baseline -0.003 -19"><span class='ocrx_word' id='word_1_170' title='bbox 232 2487 301 2554; x_wconf 75' lang='lat' dir='ltr'><strong>sisil</strong></span> <span class='ocrx_word' id='word_1_171' title='bbox 322 2485 479 2552; x_wconf 87' lang='lat' dir='ltr'><strong>aeclesiae</strong></span> <span class='ocrx_word' id='word_1_172' title='bbox 500 2483 620 2573; x_wconf 88' lang='lat' dir='ltr'><strong>presul,</strong></span> <span class='ocrx_word' id='word_1_173' title='bbox 644 2506 713 2551; x_wconf 91' lang='lat' dir='ltr'><strong>non</strong></span> <span class='ocrx_word' id='word_1_174' title='bbox 732 2487 853 2553; x_wconf 86' lang='lat' dir='ltr'><strong>iniuria</strong></span> <span class='ocrx_word' id='word_1_175' title='bbox 872 2485 1052 2568; x_wconf 85' lang='lat' dir='ltr'><strong>lacessitus,</strong></span> <span class='ocrx_word' id='word_1_176' title='bbox 1074 2484 1134 2553; x_wconf 88' lang='lat' dir='ltr'><strong>sed</strong></span> <span class='ocrx_word' id='word_1_177' title='bbox 1154 2486 1301 2551; x_wconf 89' lang='lat' dir='ltr'><strong>maxima</strong></span> <span class='ocrx_word' id='word_1_178' title='bbox 1322 2481 1379 2550; x_wconf 90' lang='lat' dir='ltr'><strong>illa</strong></span> 
     </span>
     <span class='ocr_line' id='line_1_24' title="bbox 232 2568 1378 2661; baseline -0.002 -24"><span class='ocrx_word' id='word_1_179' title='bbox 232 2569 365 2639; x_wconf 89' lang='lat' dir='ltr'><strong>abbatia</strong></span> <span class='ocrx_word' id='word_1_180' title='bbox 377 2568 573 2654; x_wconf 86' lang='lat' dir='ltr'><strong>Nonantula,</strong></span> <span class='ocrx_word' id='word_1_181' title='bbox 596 2591 696 2658; x_wconf 88' lang='lat' dir='ltr'><strong>quam</strong></span> <span class='ocrx_word' id='word_1_182' title='bbox 717 2580 751 2638; x_wconf 89' lang='lat' dir='ltr'><strong>et</strong></span> <span class='ocrx_word' id='word_1_183' title='bbox 770 2581 849 2637; x_wconf 89' lang='lat' dir='ltr'><strong>tunc</strong></span> <span class='ocrx_word' id='word_1_184' title='bbox 870 2570 1057 2661; x_wconf 83' lang='lat' dir='ltr'><strong>adquisivit,</strong></span> <span class='ocrx_word' id='word_1_185' title='bbox 1080 2571 1274 2636; x_wconf 69' lang='lat' dir='ltr'><strong>animatuai.</strong></span> <span class='ocrx_word' id='word_1_186' title='bbox 1341 2568 1378 2635; x_wconf 90' lang='lat' dir='ltr'><strong>ui</strong></span> 
     </span>
     <span class='ocr_line' id='line_1_25' title="bbox 232 2652 1377 2758; baseline -0.003 -35"><span class='ocrx_word' id='word_1_187' title='bbox 232 2656 408 2758; x_wconf 76' lang='lat' dir='ltr'><strong>Hngonem</strong></span> <span class='ocrx_word' id='word_1_188' title='bbox 430 2652 535 2721; x_wconf 88' lang='lat' dir='ltr'><strong>solum</strong></span> <span class='ocrx_word' id='word_1_189' title='bbox 556 2676 624 2720; x_wconf 91' lang='lat' dir='ltr'><strong>uon</strong></span> <span class='ocrx_word' id='word_1_190' title='bbox 645 2655 798 2740; x_wconf 87' lang='lat' dir='ltr'><strong>deseruit,</strong></span> <span class='ocrx_word' id='word_1_191' title='bbox 820 2678 934 2723; x_wconf 88' lang='lat' dir='ltr'><strong>verum</strong></span> <span class='ocrx_word' id='word_1_192' title='bbox 957 2657 1056 2723; x_wconf 87' lang='lat' dir='ltr'><strong>etiam</strong></span> <span class='ocrx_word' id='word_1_193' title='bbox 1076 2653 1254 2722; x_wconf 88' lang='lat' dir='ltr'><strong>multorum</strong></span> <span class='ocrx_word' id='word_1_194' title='bbox 1268 2676 1303 2719; x_wconf 91' lang='lat' dir='ltr'><strong>m</strong></span> <span class='ocrx_word' id='word_1_195' title='bbox 1337 2653 1377 2720; x_wconf 87' lang='lat' dir='ltr'><strong>ii·</strong></span> 
     </span>
     <span class='ocr_line' id='line_1_26' title="bbox 231 2737 1378 2828; baseline -0.003 -20"><span class='ocrx_word' id='word_1_196' title='bbox 231 2740 378 2808; x_wconf 77' lang='lat' dir='ltr'><strong>tudinem</strong></span> <span class='ocrx_word' id='word_1_197' title='bbox 399 2737 482 2806; x_wconf 88' lang='lat' dir='ltr'><strong>tulii.</strong></span> <span class='ocrx_word' id='word_1_198' title='bbox 526 2739 625 2822; x_wconf 79' lang='lat' dir='ltr'><strong>Quod</strong></span> <span class='ocrx_word' id='word_1_199' title='bbox 644 2738 745 2828; x_wconf 82' lang='lat' dir='ltr'><strong>Hugo</strong></span> <span class='ocrx_word' id='word_1_200' title='bbox 767 2750 804 2807; x_wconf 88' lang='lat' dir='ltr'><strong>ut</strong></span> <span class='ocrx_word' id='word_1_201' title='bbox 824 2740 958 2824; x_wconf 91' lang='lat' dir='ltr'><strong>audivit,</strong></span> <span class='ocrx_word' id='word_1_202' title='bbox 980 2761 1041 2807; x_wconf 90' lang='lat' dir='ltr'><strong>con</strong></span> <span class='ocrx_word' id='word_1_203' title='bbox 1082 2740 1186 2828; x_wconf 78' lang='lat' dir='ltr'><strong>egetis</strong></span> <span class='ocrx_word' id='word_1_204' title='bbox 1207 2740 1311 2828; x_wconf 87' lang='lat' dir='ltr'><strong>copiis</strong></span> <span class='ocrx_word' id='word_1_205' title='bbox 1333 2737 1378 2805; x_wconf 88' lang='lat' dir='ltr'><strong>ad</strong></span> 
     </span>
     <span class='ocr_line' id='line_1_27' title="bbox 232 2763 1377 2908; baseline -0.001 -15"><span class='ocrx_word' id='word_1_206' title='bbox 232 2826 302 2894; x_wconf 87' lang='lat' dir='ltr'><strong>eius</strong></span> <span class='ocrx_word' id='word_1_207' title='bbox 325 2833 467 2891; x_wconf 70' lang='lat' dir='ltr'><strong>casuum</strong></span> <span class='ocrx_word' id='word_1_208' title='bbox 488 2823 706 2890; x_wconf 79' lang='lat' dir='ltr'><strong>Vineolam⁰⁴</strong></span> <span class='ocrx_word' id='word_1_209' title='bbox 727 2827 828 2908; x_wconf 87' lang='lat' dir='ltr'><strong>veuit,</strong></span> <span class='ocrx_word' id='word_1_210' title='bbox 853 2825 888 2891; x_wconf 91' lang='lat' dir='ltr'><strong>id</strong></span> <span class='ocrx_word' id='word_1_211' title='bbox 911 2848 953 2893; x_wconf 90' lang='lat' dir='ltr'><strong>ue</strong></span> <span class='ocrx_word' id='word_1_212' title='bbox 975 2763 1113 2892; x_wconf 50' lang='lat' dir='ltr'><strong>viridiset·</strong></span> <span class='ocrx_word' id='word_1_213' title='bbox 1139 2823 1199 2892; x_wconf 88' lang='lat' dir='ltr'><strong>sed</strong></span> <span class='ocrx_word' id='word_1_214' title='bbox 1219 2822 1377 2892; x_wconf 79' lang='lat' dir='ltr'><strong>inutiliter</strong></span> 
     </span>
     <span class='ocr_line' id='line_1_28' title="bbox 233 2907 1376 3000; baseline 0 -23"><span class='ocrx_word' id='word_1_215' title='bbox 233 2911 451 3000; x_wconf 80' lang='lat' dir='ltr'><strong>oppugnavit3</strong></span> <span class='ocrx_word' id='word_1_216' title='bbox 476 2907 685 2998; x_wconf 91' lang='lat' dir='ltr'><strong>quodquam</strong></span> <span class='ocrx_word' id='word_1_217' title='bbox 707 2909 864 2977; x_wconf 87' lang='lat' dir='ltr'><strong>mendatii</strong></span> <span class='ocrx_word' id='word_1_218' title='bbox 919 2912 1028 2978; x_wconf 87' lang='lat' dir='ltr'><strong>&#39;enum</strong></span> <span class='ocrx_word' id='word_1_219' title='bbox 1050 2911 1102 2994; x_wconf 89' lang='lat' dir='ltr'><strong>sit,</strong></span> <span class='ocrx_word' id='word_1_220' title='bbox 1124 2910 1285 2978; x_wconf 81' lang='lat' dir='ltr'><strong>sententia</strong></span> <span class='ocrx_word' id='word_1_221' title='bbox 1298 2908 1376 2977; x_wconf 76' lang='lat' dir='ltr'><strong>sub-</strong></span> 
     </span>
     <span class='ocr_line' id='line_1_29' title="bbox 232 2992 1376 3096; baseline -0.002 -34"><span class='ocrx_word' id='word_1_222' title='bbox 232 3017 371 3085; x_wconf 83' lang='lat' dir='ltr'><strong>sequens</strong></span> <span class='ocrx_word' id='word_1_223' title='bbox 392 2992 580 3060; x_wconf 85' lang='lat' dir='ltr'><strong>declarabit.</strong></span> <span class='ocrx_word' id='word_1_224' title='bbox 623 2993 707 3060; x_wconf 90' lang='lat' dir='ltr'><strong>Nam</strong></span> <span class='ocrx_word' id='word_1_225' title='bbox 734 2995 813 3061; x_wconf 90' lang='lat' dir='ltr'><strong>dum</strong></span> <span class='ocrx_word' id='word_1_226' title='bbox 839 2994 954 3063; x_wconf 90' lang='lat' dir='ltr'><strong>eodem</strong></span> <span class='ocrx_word' id='word_1_227' title='bbox 984 2994 1127 3084; x_wconf 79' lang='lat' dir='ltr'><strong>degeret,</strong></span> <span class='ocrx_word' id='word_1_228' title='bbox 1156 2993 1376 3096; x_wconf 69' lang='lat' dir='ltr'><strong>Berengarlus</strong></span> 
     </span>
     <span class='ocr_line' id='line_1_30' title="bbox 232 3078 1376 3167; baseline -0.002 -19"><span class='ocrx_word' id='word_1_229' title='bbox 232 3081 274 3148; x_wconf 94' lang='lat' dir='ltr'><strong>ab</strong></span> <span class='ocrx_word' id='word_1_230' title='bbox 303 3078 461 3146; x_wconf 88' lang='lat' dir='ltr'><strong>Arderieo</strong></span> <span class='ocrx_word' id='word_1_231' title='bbox 491 3078 760 3167; x_wconf 78' lang='lat' dir='ltr'><strong>archiepiscopo³</strong></span> <span class='ocrx_word' id='word_1_232' title='bbox 789 3083 930 3164; x_wconf 88' lang='lat' dir='ltr'><strong>accitus,</strong></span> <span class='ocrx_word' id='word_1_233' title='bbox 959 3081 1125 3147; x_wconf 85' lang='lat' dir='ltr'><strong>Veronam</strong></span> <span class='ocrx_word' id='word_1_234' title='bbox 1154 3079 1307 3164; x_wconf 74' lang='lat' dir='ltr'><strong>deserunt,</strong></span> <span class='ocrx_word' id='word_1_235' title='bbox 1336 3100 1376 3146; x_wconf 89' lang='lat' dir='ltr'><strong>ac</strong></span> 
     </span>
     <span class='ocr_line' id='line_1_31' title="bbox 231 3163 1375 3254; baseline -0.001 -22"><span class='ocrx_word' id='word_1_236' title='bbox 231 3163 464 3234; x_wconf 87' lang='lat' dir='ltr'><strong>Mediolanium</strong></span> <span class='ocrx_word' id='word_1_237' title='bbox 486 3165 632 3231; x_wconf 85' lang='lat' dir='ltr'><strong>concitus</strong></span> <span class='ocrx_word' id='word_1_238' title='bbox 653 3166 754 3233; x_wconf 87' lang='lat' dir='ltr'><strong>venit.</strong></span> <span class='ocrx_word' id='word_1_239' title='bbox 798 3166 873 3249; x_wconf 80' lang='lat' dir='ltr'><strong>Quo</strong></span> <span class='ocrx_word' id='word_1_240' title='bbox 895 3165 1018 3250; x_wconf 86' lang='lat' dir='ltr'><strong>audito,</strong></span> <span class='ocrx_word' id='word_1_241' title='bbox 1040 3188 1101 3232; x_wconf 88' lang='lat' dir='ltr'><strong>rex</strong></span> <span class='ocrx_word' id='word_1_242' title='bbox 1115 3165 1216 3253; x_wconf 83' lang='lat' dir='ltr'><strong>Hugo</strong></span> <span class='ocrx_word' id='word_1_243' title='bbox 1237 3164 1375 3254; x_wconf 85' lang='lat' dir='ltr'><strong>Papiam</strong></span> 
     </span>
     <span class='ocr_line' id='line_1_32' title="bbox 231 3249 1376 3339; baseline 0.002 -23"><span class='ocrx_word' id='word_1_244' title='bbox 231 3251 332 3316; x_wconf 88' lang='lat' dir='ltr'><strong>tristis</strong></span> <span class='ocrx_word' id='word_1_245' title='bbox 361 3249 504 3317; x_wconf 87' lang='lat' dir='ltr'><strong>advenit.</strong></span> <span class='ocrx_word' id='word_1_246' title='bbox 559 3249 606 3327; x_wconf 76' lang='lat' dir='ltr'><strong>Oe</strong></span> <span class='ocrx_word' id='word_1_247' title='bbox 632 3261 728 3318; x_wconf 88' lang='lat' dir='ltr'><strong>erunt</strong></span> <span class='ocrx_word' id='word_1_248' title='bbox 762 3252 887 3318; x_wconf 90' lang='lat' dir='ltr'><strong>interea</strong></span> <span class='ocrx_word' id='word_1_249' title='bbox 923 3272 1036 3318; x_wconf 88' lang='lat' dir='ltr'><strong>omnes</strong></span> <span class='ocrx_word' id='word_1_250' title='bbox 1072 3249 1187 3317; x_wconf 84' lang='lat' dir='ltr'><strong>Italiae</strong></span> <span class='ocrx_word' id='word_1_251' title='bbox 1219 3251 1376 3339; x_wconf 85' lang='lat' dir='ltr'><strong>primates</strong></span> 
     </span>
     <span class='ocr_line' id='line_1_33' title="bbox 233 3333 1375 3422; baseline -0.001 -20"><span class='ocrx_word' id='word_1_252' title='bbox 233 3336 340 3402; x_wconf 90' lang='lat' dir='ltr'><strong>omine</strong></span> <span class='ocrx_word' id='word_1_253' title='bbox 372 3357 438 3402; x_wconf 92' lang='lat' dir='ltr'><strong>non</strong></span> <span class='ocrx_word' id='word_1_254' title='bbox 471 3333 557 3401; x_wconf 93' lang='lat' dir='ltr'><strong>bono</strong></span> <span class='ocrx_word' id='word_1_255' title='bbox 622 3358 763 3422; x_wconf 80' lang='lat' dir='ltr'><strong>ugonem</strong></span> <span class='ocrx_word' id='word_1_256' title='bbox 793 3336 942 3404; x_wconf 88' lang='lat' dir='ltr'><strong>deserere</strong></span> <span class='ocrx_word' id='word_1_257' title='bbox 975 3345 1007 3403; x_wconf 89' lang='lat' dir='ltr'><strong>et</strong></span> <span class='ocrx_word' id='word_1_258' title='bbox 1039 3336 1148 3404; x_wconf 91' lang='lat' dir='ltr'><strong>eenti</strong></span> <span class='ocrx_word' id='word_1_259' title='bbox 1175 3334 1260 3404; x_wconf 87' lang='lat' dir='ltr'><strong>Bere</strong></span> <span class='ocrx_word' id='word_1_260' title='bbox 1345 3335 1375 3401; x_wconf 87' lang='lat' dir='ltr'><strong>&#39;o</strong></span> 
     </span>
     <span class='ocr_line' id='line_1_34' title="bbox 231 3359 1376 3506; baseline 0 -20"><span class='ocrx_word' id='word_1_261' title='bbox 231 3417 396 3487; x_wconf 82' lang='lat' dir='ltr'><strong>adherere.</strong></span> <span class='ocrx_word' id='word_1_262' title='bbox 427 3419 588 3506; x_wconf 84' lang='lat' dir='ltr'><strong>Egentem</strong></span> <span class='ocrx_word' id='word_1_263' title='bbox 610 3433 730 3504; x_wconf 90' lang='lat' dir='ltr'><strong>autem,</strong></span> <span class='ocrx_word' id='word_1_264' title='bbox 753 3442 819 3487; x_wconf 94' lang='lat' dir='ltr'><strong>non</strong></span> <span class='ocrx_word' id='word_1_265' title='bbox 840 3419 941 3487; x_wconf 89' lang='lat' dir='ltr'><strong>nichil</strong></span> <span class='ocrx_word' id='word_1_266' title='bbox 984 3359 1182 3488; x_wconf 74' lang='lat' dir='ltr'><strong>occidentem</strong></span> <span class='ocrx_word' id='word_1_267' title='bbox 1192 3430 1214 3505; x_wconf 80' lang='lat'><strong>⁰,</strong></span> <span class='ocrx_word' id='word_1_268' title='bbox 1238 3442 1274 3487; x_wconf 88' lang='lat' dir='ltr'><strong>se</strong></span> <span class='ocrx_word' id='word_1_269' title='bbox 1320 3419 1376 3488; x_wconf 90' lang='lat' dir='ltr'><strong>oui</strong></span> 
     </span>
     <span class='ocr_line' id='line_1_35' title="bbox 232 3442 1376 3594; baseline 0.001 -24"><span class='ocrx_word' id='word_1_270' title='bbox 232 3526 411 3593; x_wconf 90' lang='lat' dir='ltr'><strong>numquam</strong></span> <span class='ocrx_word' id='word_1_271' title='bbox 440 3505 615 3592; x_wconf 85' lang='lat' dir='ltr'><strong>quiequam</strong></span> <span class='ocrx_word' id='word_1_272' title='bbox 645 3507 724 3572; x_wconf 89' lang='lat' dir='ltr'><strong>satis</strong></span> <span class='ocrx_word' id='word_1_273' title='bbox 752 3516 810 3590; x_wconf 86' lang='lat' dir='ltr'><strong>eat,</strong></span> <span class='ocrx_word' id='word_1_274' title='bbox 839 3507 902 3573; x_wconf 90' lang='lat' dir='ltr'><strong>aio.</strong></span> <span class='ocrx_word' id='word_1_275' title='bbox 958 3442 1142 3588; x_wconf 46' lang='lat' dir='ltr'><strong>{uoniam‘</strong></span> <span class='ocrx_word' id='word_1_276' title='bbox 1170 3502 1314 3594; x_wconf 88' lang='lat' dir='ltr'><strong>improbi</strong></span> <span class='ocrx_word' id='word_1_277' title='bbox 1342 3515 1376 3572; x_wconf 91' lang='lat' dir='ltr'><strong>et</strong></span> 
     </span>
    </p>
   </div>
   <div class='ocr_carea' id='block_1_6' title="bbox 231 3667 1374 3786">
    <p class='ocr_par' dir='ltr' id='par_1_7' title="bbox 231 3667 1374 3786">
     <span class='ocr_line' id='line_1_36' title="bbox 232 3667 1374 3723; baseline 0.003 -13"><span class='ocrx_word' id='word_1_278' title='bbox 232 3667 256 3720; x_wconf 80' lang='lat' dir='ltr'><strong>a)</strong></span> <span class='ocrx_word' id='word_1_279' title='bbox 268 3679 300 3712; x_wconf 87' lang='lat' dir='ltr'><strong>m.</strong></span> <span class='ocrx_word' id='word_1_280' title='bbox 308 3668 428 3711; x_wconf 82' lang='lat' dir='ltr'><strong>iniisctere</strong></span> <span class='ocrx_word' id='word_1_281' title='bbox 436 3671 542 3719; x_wconf 80' lang='lat' dir='ltr'><strong>potueris</strong></span> <span class='ocrx_word' id='word_1_282' title='bbox 555 3670 657 3712; x_wconf 79' lang='lat' dir='ltr'><strong>illumin</strong></span> <span class='ocrx_word' id='word_1_283' title='bbox 668 3671 802 3714; x_wconf 75' lang='lat' dir='ltr'><strong>cathedram</strong></span> <span class='ocrx_word' id='word_1_284' title='bbox 814 3681 942 3723; x_wconf 82' lang='lat' dir='ltr'><strong>promoveo</strong></span> <span class='ocrx_word' id='word_1_285' title='bbox 956 3671 1095 3714; x_wconf 72' lang='lat' dir='ltr'><strong>Mediolanii</strong></span> <span class='ocrx_word' id='word_1_286' title='bbox 1104 3671 1321 3723; x_wconf 74' lang='lat' dir='ltr'><strong>archiepiscopatus</strong></span> <span class='ocrx_word' id='word_1_287' title='bbox 1334 3669 1374 3714; x_wconf 73' lang='lat' dir='ltr'><strong>hs.</strong></span> 
     </span>
     <span class='ocr_line' id='line_1_37' title="bbox 231 3725 1374 3786; baseline 0.003 -17"><span class='ocrx_word' id='word_1_288' title='bbox 231 3725 380 3781; x_wconf 62' lang='lat' dir='ltr'><strong>mmmm</strong></span> <span class='ocrx_word' id='word_1_289' title='bbox 397 3730 417 3771; x_wconf 91' lang='lat'><strong>1.</strong></span> <span class='ocrx_word' id='word_1_290' title='bbox 448 3726 627 3781; x_wconf 85' lang='lat' dir='ltr'><strong>o)trsdsrerent</strong></span> <span class='ocrx_word' id='word_1_291' title='bbox 644 3733 665 3774; x_wconf 92' lang='lat'><strong>1.</strong></span> <span class='ocrx_word' id='word_1_292' title='bbox 697 3730 721 3784; x_wconf 82' lang='lat' dir='ltr'><strong>d)</strong></span> <span class='ocrx_word' id='word_1_293' title='bbox 734 3731 871 3773; x_wconf 80' lang='lat' dir='ltr'><strong>mutinienri</strong></span> <span class='ocrx_word' id='word_1_294' title='bbox 887 3733 909 3776; x_wconf 88' lang='lat'><strong>1.</strong></span> <span class='ocrx_word' id='word_1_295' title='bbox 948 3729 971 3782; x_wconf 84' lang='lat' dir='ltr'><strong>e)</strong></span> <span class='ocrx_word' id='word_1_296' title='bbox 984 3731 1087 3786; x_wconf 78' lang='lat' dir='ltr'><strong>nsolsm,</strong></span> <span class='ocrx_word' id='word_1_297' title='bbox 1102 3741 1171 3772; x_wconf 70' lang='lat' dir='ltr'><strong>nona</strong></span> <span class='ocrx_word' id='word_1_298' title='bbox 1187 3731 1200 3772; x_wconf 72' lang='lat' dir='ltr'><strong>t</strong></span> <span class='ocrx_word' id='word_1_299' title='bbox 1216 3731 1338 3773; x_wconf 77' lang='lat' dir='ltr'><strong>vineolam</strong></span> <span class='ocrx_word' id='word_1_300' title='bbox 1350 3733 1374 3772; x_wconf 85' lang='lat'><strong>1.</strong></span> 
     </span>
    </p>
   </div>
   <div class='ocr_carea' id='block_1_7' title="bbox 231 3861 1375 4303">
    <p class='ocr_par' dir='ltr' id='par_1_8' title="bbox 231 3861 1375 4303">
     <span class='ocr_line' id='line_1_38' title="bbox 234 3861 1374 3932; baseline 0.006 -21"><span class='ocrx_word' id='word_1_301' title='bbox 234 3861 263 3928; x_wconf 92' lang='lat'><strong>1)</strong></span> <span class='ocrx_word' id='word_1_302' title='bbox 283 3862 364 3929; x_wconf 74' lang='lat' dir='ltr'><strong>Verg.</strong></span> <span class='ocrx_word' id='word_1_303' title='bbox 383 3863 452 3915; x_wconf 77' lang='lat' dir='ltr'><strong>Aen.</strong></span> <span class='ocrx_word' id='word_1_304' title='bbox 473 3863 520 3928; x_wconf 85' lang='lat' dir='ltr'><strong>1v,</strong></span> <span class='ocrx_word' id='word_1_305' title='bbox 543 3864 605 3917; x_wconf 77' lang='lat'><strong>174.</strong></span> <span class='ocrx_word' id='word_1_306' title='bbox 627 3865 690 3916; x_wconf 74' lang='lat' dir='ltr'><strong>lio.</strong></span> <span class='ocrx_word' id='word_1_307' title='bbox 768 3863 797 3932; x_wconf 77' lang='lat'><strong>2)</strong></span> <span class='ocrx_word' id='word_1_308' title='bbox 817 3865 920 3932; x_wconf 79' lang='lat' dir='ltr'><strong>Lyaeo,</strong></span> <span class='ocrx_word' id='word_1_309' title='bbox 940 3865 1061 3918; x_wconf 85' lang='lat' dir='ltr'><strong>Baccho.</strong></span> <span class='ocrx_word' id='word_1_310' title='bbox 1131 3862 1161 3931; x_wconf 83' lang='grc'><strong>3)</strong></span> <span class='ocrx_word' id='word_1_311' title='bbox 1181 3863 1264 3918; x_wconf 86' lang='lat' dir='ltr'><strong>Wido</strong></span> <span class='ocrx_word' id='word_1_312' title='bbox 1284 3864 1374 3918; x_wconf 84' lang='lat' dir='ltr'><strong>archi·</strong></span> 
     </span>
     <span class='ocr_line' id='line_1_39' title="bbox 233 3936 1373 4007; baseline 0.004 -20"><span class='ocrx_word' id='word_1_313' title='bbox 233 3936 411 3989; x_wconf 83' lang='lat' dir='ltr'><strong>ooncellariua</strong></span> <span class='ocrx_word' id='word_1_314' title='bbox 431 3938 517 4006; x_wconf 84' lang='lat' dir='ltr'><strong>primo</strong></span> <span class='ocrx_word' id='word_1_315' title='bbox 537 3939 705 4006; x_wconf 78' lang='lat' dir='ltr'><strong>Berengurii,</strong></span> <span class='ocrx_word' id='word_1_316' title='bbox 731 3946 788 3992; x_wconf 89' lang='lat' dir='ltr'><strong>tum</strong></span> <span class='ocrx_word' id='word_1_317' title='bbox 808 3941 916 3994; x_wconf 87' lang='lat' dir='ltr'><strong>Ottouis</strong></span> <span class='ocrx_word' id='word_1_318' title='bbox 936 3936 1112 4007; x_wconf 77' lang='lat' dir='ltr'><strong>(aea-aso)</strong></span> <span class='ocrx_word' id='word_1_319' title='bbox 1132 3939 1167 3991; x_wconf 87' lang='lat' dir='ltr'><strong>ab</strong></span> <span class='ocrx_word' id='word_1_320' title='bbox 1188 3938 1240 3992; x_wconf 89' lang='lat' dir='ltr'><strong>hoc</strong></span> <span class='ocrx_word' id='word_1_321' title='bbox 1260 3938 1373 3992; x_wconf 78' lang='lat' dir='ltr'><strong>tandem</strong></span> 
     </span>
     <span class='ocr_line' id='line_1_40' title="bbox 231 4011 1375 4082; baseline 0.003 -20"><span class='ocrx_word' id='word_1_322' title='bbox 231 4011 372 4064; x_wconf 83' lang='lat' dir='ltr'><strong>abhatiam</strong></span> <span class='ocrx_word' id='word_1_323' title='bbox 390 4011 575 4065; x_wconf 85' lang='lat' dir='ltr'><strong>Nouantulam</strong></span> <span class='ocrx_word' id='word_1_324' title='bbox 593 4015 706 4081; x_wconf 86' lang='lat' dir='ltr'><strong>recepit.</strong></span> <span class='ocrx_word' id='word_1_325' title='bbox 764 4013 795 4081; x_wconf 80' lang='lat'><strong>4)</strong></span> <span class='ocrx_word' id='word_1_326' title='bbox 815 4014 942 4082; x_wconf 76' lang='lat' dir='ltr'><strong>Vignols,</strong></span> <span class='ocrx_word' id='word_1_327' title='bbox 963 4029 1048 4082; x_wconf 86' lang='lat' dir='ltr'><strong>prope</strong></span> <span class='ocrx_word' id='word_1_328' title='bbox 1067 4014 1211 4078; x_wconf 76' lang='lat' dir='ltr'><strong>Pacatum,</strong></span> <span class='ocrx_word' id='word_1_329' title='bbox 1230 4013 1375 4066; x_wconf 74' lang='lat' dir='ltr'><strong>Muratorii</strong></span> 
     </span>
     <span class='ocr_line' id='line_1_41' title="bbox 231 4083 1372 4155; baseline 0.005 -19"><span class='ocrx_word' id='word_1_330' title='bbox 231 4086 328 4152; x_wconf 83' lang='lat' dir='ltr'><strong>patria.</strong></span> <span class='ocrx_word' id='word_1_331' title='bbox 387 4083 417 4152; x_wconf 78' lang='lat' dir='ltr'><strong>h)</strong></span> <span class='ocrx_word' id='word_1_332' title='bbox 436 4086 582 4139; x_wconf 79' lang='lat' dir='ltr'><strong>Ardericus</strong></span> <span class='ocrx_word' id='word_1_333' title='bbox 602 4102 627 4138; x_wconf 79' lang='lat' dir='ltr'><strong>a.</strong></span> <span class='ocrx_word' id='word_1_334' title='bbox 647 4087 702 4138; x_wconf 85' lang='grc'><strong>948</strong></span> <span class='ocrx_word' id='word_1_335' title='bbox 723 4087 768 4154; x_wconf 78' lang='lat' dir='ltr'><strong>die</strong></span> <span class='ocrx_word' id='word_1_336' title='bbox 789 4088 833 4140; x_wconf 80' lang='lat'><strong>1³.</strong></span> <span class='ocrx_word' id='word_1_337' title='bbox 853 4089 914 4143; x_wconf 82' lang='lat' dir='ltr'><strong>Oet</strong></span> <span class='ocrx_word' id='word_1_338' title='bbox 935 4104 1021 4142; x_wconf 86' lang='lat' dir='ltr'><strong>meus.</strong></span> <span class='ocrx_word' id='word_1_339' title='bbox 1040 4088 1117 4140; x_wconf 89' lang='lat' dir='ltr'><strong>obiit.</strong></span> <span class='ocrx_word' id='word_1_340' title='bbox 1182 4086 1212 4155; x_wconf 79' lang='grc'><strong>6)</strong></span> <span class='ocrx_word' id='word_1_341' title='bbox 1232 4087 1310 4152; x_wconf 84' lang='lat' dir='ltr'><strong>Quas</strong></span> <span class='ocrx_word' id='word_1_342' title='bbox 1329 4102 1372 4142; x_wconf 83' lang='lat' dir='ltr'><strong>ss·</strong></span> 
     </span>
     <span class='ocr_line' id='line_1_42' title="bbox 233 4161 1372 4230; baseline 0.003 -19"><span class='ocrx_word' id='word_1_343' title='bbox 233 4166 350 4225; x_wconf 84' lang='lat' dir='ltr'><strong>quuntnr</strong></span> <span class='ocrx_word' id='word_1_344' title='bbox 368 4175 454 4228; x_wconf 87' lang='lat' dir='ltr'><strong>usque</strong></span> <span class='ocrx_word' id='word_1_345' title='bbox 468 4163 540 4214; x_wconf 81' lang='lat' dir='ltr'><strong>‘sunt</strong></span> <span class='ocrx_word' id='word_1_346' title='bbox 556 4162 777 4230; x_wconf 77' lang='lat' dir='ltr'><strong>certissimaeque</strong></span> <span class='ocrx_word' id='word_1_347' title='bbox 792 4162 923 4228; x_wconf 81' lang='lat' dir='ltr'><strong>divitiae&#39;,</strong></span> <span class='ocrx_word' id='word_1_348' title='bbox 937 4162 972 4215; x_wconf 83' lang='lat' dir='ltr'><strong>ad</strong></span> <span class='ocrx_word' id='word_1_349' title='bbox 985 4161 1098 4216; x_wconf 84' lang='lat' dir='ltr'><strong>verbum</strong></span> <span class='ocrx_word' id='word_1_350' title='bbox 1111 4161 1168 4215; x_wconf 79' lang='lat' dir='ltr'><strong>iere</strong></span> <span class='ocrx_word' id='word_1_351' title='bbox 1182 4177 1217 4215; x_wconf 82' lang='lat' dir='ltr'><strong>ex</strong></span> <span class='ocrx_word' id='word_1_352' title='bbox 1234 4161 1372 4216; x_wconf 79' lang='lat' dir='ltr'><strong>Cicerone</strong></span> 
     </span>
     <span class='ocr_line' id='line_1_43' title="bbox 232 4232 658 4303; baseline 0.009 -19"><span class='ocrx_word' id='word_1_353' title='bbox 232 4232 293 4285; x_wconf 85' lang='lat' dir='ltr'><strong>Par.</strong></span> <span class='ocrx_word' id='word_1_354' title='bbox 314 4233 363 4298; x_wconf 92' lang='lat' dir='ltr'><strong>VI,</strong></span> <span class='ocrx_word' id='word_1_355' title='bbox 384 4237 409 4286; x_wconf 82' lang='grc'><strong>3.</strong></span> <span class='ocrx_word' id='word_1_356' title='bbox 429 4237 566 4303; x_wconf 84' lang='lat' dir='ltr'><strong>exscripta</strong></span> <span class='ocrx_word' id='word_1_357' title='bbox 585 4242 658 4288; x_wconf 90' lang='lat' dir='ltr'><strong>sunt.</strong></span> 
     </span>
    </p>
   </div>
   <div class='ocr_carea' id='block_1_8' title="bbox 0 0 1472 4718">
    <p class='ocr_par' dir='ltr' id='par_1_9' title="bbox 0 0 1472 4718">
     <span class='ocr_line' id='line_1_44' title="bbox 0 0 1472 4718; baseline 0 0"><span class='ocrx_word' id='word_1_358' title='bbox 0 0 1472 4718; x_wconf 95' lang='lat' dir='ltr'><strong> </strong></span> 
     </span>
    </p>
   </div>
  </div>
 </body>
</html>
