2932 4718
485 208 694 262 PRAEFATIO
713 207 900 264 EDITORIS.
1220 212 1277 265 vn

129 389 207 466 post
229 401 369 444 mensem
384 377 605 443 Februarium
629 379 715 441 anni
737 376 800 443 962
822 379 859 441 in
879 374 992 455 Italia,
1015 377 1074 442 ubi
1089 388 1274 464 patronum

133 487 230 529 suum
251 463 487 545 comitabatur,
520 463 651 528 adiecit.
695 461 765 528 Nec
791 473 900 526 tamen
922 461 1043 527 librum
1065 473 1192 529 secatum
1216 464 1272 530 ab·

132 549 246 628 sobuit;
270 571 350 612 uam
373 571 446 612 cuns
469 556 551 613 certe
574 569 658 632 opus
679 547 726 611 ad
744 557 891 632 tempora
907 546 1005 611 ccciiii
1018 548 1271 634 suiproducen·

133 633 212 697 dum
239 635 471 719 proposuisset
485 644 511 714 ¹,
541 641 570 697 et
597 631 677 697 iibri
705 633 790 696 seati
820 633 936 716 cupita
966 633 1217 732 quinquaqinta
1243 643 1274 700 ct
1316 713 1320 720 ι

133 715 280 803 amplius
310 717 486 782 scribenda
515 719 624 802 spatio
652 716 797 781 rubricis
819 725 865 780 tot
884 716 1072 783 inserendis
1093 740 1199 785 vacuo
1221 739 1271 784 re·

131 802 208 868 iicto
230 803 422 884 indicasset,
444 803 481 865 in
504 802 613 886 capite
642 823 730 866 nono
759 800 912 866 substitit.
959 798 1061 867 Cuius
1088 805 1139 867 rei
1166 825 1272 868 causa

133 888 298 973 inpruens
331 887 538 973 nepotianum
571 883 687 968 moles,
721 895 749 949 et
782 907 887 949 nouus
921 906 1031 949 rerum
1065 887 1163 968 ordo,
1197 911 1271 952 cum

131 971 343 1058 Berenpario
361 970 497 1056 fracto,
528 970 604 1035 odio
633 968 843 1054 satisfactum
873 979 955 1034 essct
984 980 1013 1035 et
1042 971 1271 1056 Antapodosis

132 1056 227 1121 haud
249 1055 397 1141 amplius
416 1057 653 1141 requireretur,
666 1053 781 1140 fuisse
803 1055 942 1119 uidetur.
985 1054 1077 1120 Nam
1101 1079 1191 1121 anno
1207 1056 1269 1121 961

132 1149 290 1206 eaesmte²
311 1149 387 1204 rota
408 1140 591 1204 *Fortunae
613 1138 771 1219 revoluta,
786 1137 873 1221 fidei
887 1149 916 1203 et
930 1141 1139 1206 seruitiorum
1160 1140 1382 1207 Ottoni'n·¹⁶⁶·

118 1234 332 1290 ,novatorum
341 1227 532 1309 praemium
547 1223 631 1304 tulit,
655 1224 831 1289 cathedrae
848 1221 1058 1290 Cremonensi
1066 1235 1145 1311 post
1159 1225 1271 1313 Dapi·

132 1309 257 1375 bertum
273 1313 510 1395 praepositus;
533 1318 563 1374 et
583 1310 739 1394 deinceps
778 1309 966 1373 rarissimis
980 1311 1116 1394 imperii
1130 1313 1272 1398 nepotiis

133 1394 294 1474 adnsotus,
319 1396 528 1479 praecipuas
556 1395 593 1458 in
622 1393 719 1458 rebus
750 1332 879 1458 Italicis
907 1401 936 1457 et
964 1390 1104 1458 Graecis
1128 1395 1271 1481 apendis

158 1488 245 1543 artes
269 1481 422 1564 suscepit.
464 1477 509 1542 Et
524 1479 677 1562 priosum
699 1478 831 1564 quidem
860 1486 981 1542 aestate
1002 1480 1090 1543 anni
1111 1478 1175 1544 964
1197 1503 1270 1545 cum

127 1501 362 1628 haudehario
384 1562 559 1628 Miadensi
585 1565 738 1648 episcopo
764 1559 893 1649 bepatus
921 1563 967 1627 ad
989 1563 1171 1629 Iohannem
1192 1563 1270 1629 XII.

131 1670 261 1734 papam
282 1649 415 1729 missus,
438 1656 506 1712 tum
536 1646 619 1712 Urbe
639 1650 835 1734 imperatori
856 1647 999 1729 reddita,
1029 1646 1170 1714 concilio
1193 1672 1269 1714 con-

132 1743 187 1796 tra
205 1731 396 1818 pontificem
426 1731 538 1797 habito
568 1732 695 1797 adstitit
705 1742 728 1814 ⁵,
757 1740 785 1796 et
814 1734 995 1798 orationem
1023 1731 1151 1798 Ottonis
1174 1733 1272 1800 Italis

132 1819 370 1902 interpretatus
385 1826 432 1882 est
442 1827 465 1899 ⁴,
482 1826 517 1881 at
540 1839 580 1881 ue
594 1816 699 1882 Leoni
724 1816 810 1881 rm.
826 1815 975 1903 elipendo
992 1826 1021 1880 et
1035 1817 1214 1885 Benedicta
1235 1818 1269 1883 V.

132 1902 326 1987 &ponendo
355 1902 450 1967 haud
477 1902 500 1967 d
544 1903 574 1966 ie
596 1900 788 1986 interfuisse
813 1901 996 1966 credendus
1017 1911 1072 1967 est.
1119 1900 1271 1977 Quarum

132 2008 245 2051 rerum
267 1987 442 2052 historiam
464 1985 542 2050 inde
565 1987 605 2050 ab
629 2008 719 2051 anno
735 1985 799 2050 960
821 2008 923 2073 usque
945 1986 992 2050 ad
1007 1986 1093 2051 diem
1106 1987 1158 2055 23.
1175 1987 1271 2054 Iunii

132 2074 219 2137 anni
241 2069 306 2135 964
325 2073 397 2172 ipse
413 2092 579 2157 praesens
598 2079 629 2135 et
653 2071 779 2135 medias
807 2073 896 2136 inter
923 2080 997 2136 ree⁵
1021 2094 1113 2137 anno
1135 2070 1199 2136 964
1220 2072 1271 2137 uei

41 2184 43 2186 ·
130 2158 230 2222 initio
254 2178 340 2220 anm
361 2157 535 2257 sequentis,
557 2154 663 2220 Leone
683 2154 770 2219 VIII.
786 2157 991 2240 superstite⁸,
1014 2156 1111 2220 iussu
1124 2159 1268 2242 impera·

129 2243 212 2306 toris
243 2249 441 2326 composuit,
470 2249 508 2304 ut
538 2248 613 2305 acta
643 2242 714 2305 eius
736 2239 894 2304 Romanu
915 2238 1086 2325 probaret,
1115 2262 1200 2326 opus
1227 2241 1268 2307 ab

129 2324 342 2426 Antapodosi
368 2324 544 2402 diversum,
571 2325 753 2389 maturiore
780 2325 931 2410 inpenio,
960 2323 1034 2390 stilo
1060 2327 1218 2411 praviore
1239 2335 1269 2392 ct

129 2433 240 2511 napis
273 2410 450 2494 composito
484 2411 543 2496 qui
576 2419 685 2473 tumen
719 2408 981 2494 Liuciprandum
1012 2417 1100 2474 totus
1131 2408 1268 2494 efferat,

129 2517 243 2560 animo
257 2497 418 2595 scriptum
429 2516 498 2559 nors
513 2493 704 2559 meuserit
720 2493 778 2557 sed
796 2515 812 2557 s
837 2496 1021 2559 ectatoris'.
1054 2491 1219 2559 Servatur
1229 2498 1267 2562 in

128 2580 237 2644 eodem
252 2579 363 2644 codice
379 2578 591 2665 autoprapho
606 2601 700 2665 quem
715 2516 870 2643 manibus
884 2580 1032 2658 terimus,
1047 2577 1144 2643 libris
1158 2578 1266 2644 Anta-
1301 2647 1303 2651 .

122 2664 286 2748 podoseos
309 2663 513 2748 praefisum,
540 2663 600 2727 sesi
625 2671 660 2726 s'n
689 2662 802 2726 aredio
823 2664 984 2728 sententia
1005 2662 1170 2745 deficiens,
1192 2686 1267 2729 cum

128 2757 237 2813 tamen
279 2749 427 2833 spatium
463 2756 654 2849 superesset.
719 2745 819 2813 Circa
856 2747 944 2813 idem
979 2755 1107 2833 tempus
1144 2769 1266 2896 effus
1370 2806 1372 2811 ,

45 2848 48 2854 ’
128 2831 164 2898 S.
193 2832 364 2918 Hpmerii,
393 2832 597 2898 Amersensis
630 2832 794 2917 episcopi,
831 2831 1024 2899 Cremonam
1054 2841 1164 2898 transt
1203 2835 1266 2899 isse

16 2961 18 2965 ι
128 2916 277 2998 uidetur,
310 2918 407 2982 cuius
438 2919 489 2981 rei
523 2917 696 2981 historiam
730 2919 930 2983 succinctam
958 2939 998 2982 esc
1028 2919 1128 2982 veteri
1155 2916 1265 2983 codice

134 3001 305 3089 Uphciiius
326 3000 431 3067 edidit
439 3011 460 3083 ⁸,
483 3011 512 3066 ct
534 3000 564 3066 6.
585 3000 663 3065 Kal.
687 3000 809 3067 Martii
830 3026 862 3066 a.
885 2999 948 3066 965
969 3011 1078 3066 terras
1101 3002 1265 3088 quasdam

129 3179 157 3246 1)
182 3182 212 3234 II
248 3197 273 3235 c.
300 3182 344 3234 16.
393 3182 437 3235 111
472 3199 497 3236 c.
524 3183 559 3233 20
594 3181 641 3234 fin.
672 3183 713 3235 IV
742 3198 766 3234 c.
795 3183 840 3232 13.
888 3181 928 3232 IV
958 3197 982 3235 c.
1014 3183 1057 3234 lb.
1106 3183 1132 3232 V
1161 3198 1185 3234 c.
1218 3183 1265 3234 60.

127 3253 158 3322 9)
176 3255 251 3308 Mon.
272 3257 335 3309 hist.
355 3264 423 3326 patr.
443 3257 523 3320 xm,
545 3257 631 3307 1120:
657 3256 781 3308 ‘domnus
801 3255 986 3322 Liutprandns
1006 3258 1152 3325 episcopus
1171 3262 1265 3309 sancte

128 3329 316 3382 Cremonensis
337 3330 463 3384 ecclesie’
478 3330 624 3398 Pelegrino
643 3331 716 3382 bons
730 3331 907 3382 commutavit
919 3344 944 3380 a.
959 3329 1013 3380 969
1028 3329 1073 3381 die
1088 3331 1131 3383 14.
1144 3330 1266 3383 Ianuarii

125 3419 210 3456 mens.
241 3404 341 3458 Ottone
361 3407 517 3458 etiamnunc
535 3420 611 3472 rege.
688 3402 719 3470 6)
732 3405 805 3456 Hist.
819 3405 926 3456 Ottonis
945 3419 970 3455 c.
988 3404 1038 3454 10:
1059 3404 1265 3472 ‘potnIssemus'.

126 3475 157 3544 4)
174 3477 248 3530 Hist.
269 3478 377 3532 Ottonis
396 3495 421 3531 c.
442 3479 486 3530 11.
575 3477 606 3546 h)
625 3478 697 3531 Hist.
718 3478 774 3547 ou.
796 3476 840 3528 18.
861 3476 895 3528 de
914 3477 1045 3530 Iohannis
1064 3478 1128 3531 XII.
1153 3479 1265 3530 interitu

126 3551 153 3602 ‘a
172 3553 229 3604 suis
249 3554 372 3618 cognatis
393 3559 421 3605 et
438 3551 618 3604 familiaribus
639 3555 686 3619 qui
705 3557 845 3621 presentes
864 3556 951 3615 aaut,
973 3567 1107 3620 persaepe
1126 3552 1176 3604 sub
1195 3557 1264 3603 atte-

126 3627 243 3678 statione
268 3625 437 3680 andivimus'.
513 3624 544 3694 6)
563 3627 605 3678 11).
626 3625 652 3678 6.
674 3627 805 3678 ‘Leonem
830 3640 903 3682 nnnc
926 3627 956 3677 in
980 3624 1077 3677 eadem
1104 3625 1171 3678 sede
1190 3626 1265 3678 beati

125 3699 200 3753 Petri
219 3700 405 3769 apostolorum
423 3699 575 3753 manuum’.
606 3699 665 3751 Leo
685 3715 711 3751 a.
724 3699 779 3750 969
795 3699 824 3750 6.
841 3698 868 3751 6.
880 3699 952 3751 Dec.
973 3704 1157 3765 consecratus,
1169 3714 1263 3751 mense

125 3773 224 3826 Martio
244 3789 269 3828 a.
289 3774 345 3825 966
365 3775 442 3829 obiit.
513 3773 542 3842 1)
562 3771 630 3826 Ideo
649 3773 689 3825 ibi
705 3772 740 3825 de
753 3789 784 3826 se
797 3775 857 3841 ipso
869 3774 899 3824 in
911 3787 1030 3841 persona
1041 3773 1264 3846 tertialoqnitur.

126 3845 156 3915 8)
175 3847 249 3900 ‘Fuit
265 3850 296 3901 in
313 3848 410 3901 diebus
430 3847 545 3902 Othonis
569 3848 680 3899 maioris
700 3846 845 3899 clarissimi
869 3847 1039 3915 imperatoris
1065 3846 1177 3914 qnidam
1198 3847 1264 3898 Ore·

120 3923 262 3975 'monensis
281 3924 426 3992 spiscopus
445 3921 535 3974 bonas
553 3923 701 3974 memoriae
713 3921 808 3986 Linea,
826 3922 938 3973 intimus
956 3921 1097 3974 summista
1114 3921 1216 3987 regius,
1235 3921 1264 3972 in
1380 3969 1385 3972 „

126 3995 240 4049 consilio
264 3998 517 4065 providissemus
542 3995 636 4047 divino
662 3995 781 4065 deniqne
803 3994 933 4064 repletus,
958 4001 989 4047 ut
1012 3995 1083 4047 tanti
1096 3995 1187 4063 >patris
1204 3994 1263 4061 Hy·

126 4070 203 4122 merit
220 4071 348 4124 inventor
367 4077 395 4124 st
412 4071 527 4140 portitor
545 4068 623 4121 fieret
642 4069 740 4125 almus.
779 4070 833 4133 Qui
852 4084 913 4121 cum
932 4069 1088 4136 trequentes
1105 4066 1264 4134 ingrediens

126 4147 154 4193 et
172 4144 265 4197 exiens
277 4160 295 4197 a
306 4144 379 4197 facie
391 4146 478 4212 regia,
490 4143 609 4196 fideliter
621 4159 706 4212 agens
720 4158 786 4211 erga
797 4149 947 4212 praecepta
957 4139 1120 4211 Imperialia,
1132 4141 1263 4194 &mauis

125 4216 228 4271 mosset
244 4219 377 4288 partibas,
395 4220 472 4272 venit
490 4217 527 4270 ad
547 4234 609 4270 eum
627 4218 812 4271 Americensis
838 4219 995 4287 episcopas,
1021 4230 1102 4285 quem
1125 4213 1264 4270 malevsha
