2932 4718
331 246 565 301 LIUDPRANDI
577 247 853 304 mraronosls.
889 249 964 304 ms.
983 250 1033 305 Vl.
1074 252 1118 304 10.
1245 253 1299 305 128

151 417 232 485 Erat
253 417 404 506 apposita
425 415 460 481 X
482 417 668 484 cubitorum
691 416 905 504 longitudinis
927 440 967 485 ao
989 419 1087 488 11110=
1116 421 1298 491 latitudinis
1308 439 1361 484 sto.

153 525 274 585 mensa,
298 523 382 590 quae
403 502 601 568 numismata
623 500 739 569 loculis
762 501 922 591 colligata,
943 516 1044 593 prout
1066 509 1120 572 cui
1145 530 1185 575 ue
1200 508 1298 577 debe

151 587 649 671 batrrr,numerisext1insecus
670 588 704 652 in
725 585 842 654 loculis
865 590 1005 677 scriptis,
1031 593 1136 659 retine
1180 603 1202 660 t
1245 594 1299 661 In·

151 671 553 825 attestatur
576 673 1299 831 castratorum

152 806 337 911 secundum
358 842 459 909 officii
472 841 506 908 di
555 843 665 909 'tatem
679 845 813 908 nomina
826 783 996 912 reditadat
1041 784 1189 930 Qhorum
1204 850 1297 938 prius

151 937 287 995 vocatus
309 939 360 994 est
379 938 487 994 rector
532 949 637 1013 umus,
667 929 721 994 cui
747 950 814 994 uon
839 929 874 994 in
902 929 1063 1016 manibus,
1097 931 1155 1000 sed
1183 935 1218 1001 in
1240 933 1298 1001 hu-

150 1015 250 1081 meris
271 1014 379 1103 posita
400 1023 476 1080 sunt
496 1015 693 1080 numismata
708 1035 783 1080 cum
799 1015 1044 1103 scaramangis¹
1067 1015 1177 1084 11110r.
1217 1018 1300 1087 Post

152 1122 248 1189 quem
273 1121 292 1166 o
315 1098 513 1165 domesticos
534 1100 576 1165 tis
598 1097 778 1182 ascalonas,
804 1110 837 1166 et
859 1120 878 1165 0
900 1098 974 1166 delo
1021 1102 1087 1167 aris
1109 1103 1150 1169 tis
1172 1101 1298 1191 ploosa,

152 1197 228 1252 sunt
241 1185 367 1268 vocati,
391 1204 532 1285 quorum
546 1181 628 1250 alter
642 1181 811 1267 militibus,
833 1185 978 1272 navigan
993 1185 1001 1201 ⁹
1026 1208 1065 1252 us
1080 1200 1192 1274 preest
1205 1186 1297 1258 alter.
1399 1210 1402 1218 ’

151 1268 199 1336 Hi
220 1272 331 1359 itaque
345 1291 418 1359 pan
432 1290 580 1353 numero,
603 1270 681 1357 quia
701 1268 844 1356 dignitas
866 1291 928 1358 par
949 1282 1028 1356 erat,
1050 1273 1252 1341 numismata
1266 1285 1300 1342 et

151 1376 381 1442 scaramangas
409 1355 625 1444 suscipientes
663 1376 723 1442 pre
752 1353 959 1422 multitudine
988 1358 1147 1424 nonium
1176 1360 1212 1425 in
1237 1359 1299 1426 hu·

151 1442 249 1508 meris
270 1450 492 1528 portaverunt
515 1439 573 1506 sed
595 1460 615 1503 a
640 1437 825 1506 ‘urentibus
846 1437 918 1506 aliis
939 1454 1017 1530 post
1038 1465 1072 1509 se
1093 1465 1170 1510 cum
1184 1442 1298 1513 labore

150 1536 330 1593 traxerunt
374 1526 455 1592 Post
474 1522 535 1590 hos
556 1523 692 1590 admissi
721 1533 798 1590 sunt
817 1525 968 1612 magistri
988 1548 1125 1594 numero
1147 1527 1298 1616 XXIIII,

152 1611 272 1699 quibus
304 1620 457 1698 erogatae
483 1619 559 1676 sunt
584 1609 857 1675 numismatorum
884 1632 1059 1678 aureorum
1080 1610 1194 1698 librae,
1227 1615 1298 1681 uni·

151 1697 206 1762 cui
230 1718 271 1762 ue
286 1693 468 1763 secundum
482 1692 622 1761 eundem
636 1715 809 1760 numerum
825 1693 966 1762 xxlm
984 1719 1059 1763 cum
1075 1700 1298 1789 scaramangis

152 1718 291 1848 dualrus.
334 1780 552 1849 Patriciorum
575 1778 693 1846 demde
723 1779 802 1846 ordo
828 1780 888 1846 hos
909 1803 996 1869 pone
1021 1793 1071 1850 est
1093 1795 1235 1870 secuttrs,
1265 1796 1299 1853 et

152 1864 328 1934 duodecim
349 1866 621 1932 numismatorum
650 1862 742 1933 libris
765 1887 841 1931 cum
864 1868 1089 1956 scaramangia
1110 1890 1176 1934 una
1197 1868 1298 1937 dona

150 1962 213 2019 tus.
259 1952 325 2036 Qui
346 1951 433 2017 sicut
452 1972 514 2018 nec
536 1950 758 2039 patriciorum,
780 1951 828 2016 ita
848 1973 910 2017 nec
931 1951 1099 2037 librarum,
1121 1955 1185 2020 nisi
1206 1954 1298 2044 quod
1402 2022 1404 2025 .

151 2039 330 2125 unicuique
352 2035 501 2118 dabatur,
522 2057 696 2101 numerum
718 2036 797 2101 scio.
840 2035 955 2105 Turba
975 2049 1052 2125 post
1071 2037 1133 2105 heo
1148 2041 1298 2107 inmensa

150 2133 295 2204 vocatur,
314 2121 662 2210 protospathariorum,
683 2120 934 2209 spathariorum,
955 2121 1297 2211 spatharocandidato

150 2218 254 2292 rum·,
275 2206 501 2290 kitonitarum,
623 2204 808 2290 levitarum,
831 2218 1131 2294 protocaravorum,
1155 2231 1297 2298 quorum

148 2291 216 2359 VH
238 2291 331 2374 alius,
353 2291 412 2377 VI,
428 2290 469 2375 V,
484 2289 564 2375 1111,
656 2290 744 2392 JLI,
767 2290 949 2358 secundum
970 2290 1139 2380 dignitatis
1161 2293 1297 2362 modum

148 2375 459 2530 ttttttetlta
475 2376 792 2551 lilliimffaloee
806 2386 929 2551 iudi
946 2378 1298 2534 {latinitati

147 2549 258 2701 rior
276 2546 573 2699 terrers
617 2483 1299 2722 nutriantur

149 2657 331 2808 accipidht,
362 2739 430 2784 non
458 2718 524 2782 iam
553 2717 761 2806 imperatore,
793 2715 852 2784 scd
879 2717 1158 2818 parakinumenos
1190 2721 1227 2786 in
1258 2742 1299 2788 ea

150 2825 235 2893 quaa
256 2814 331 2870 ante
352 2800 476 2892 pascha
498 2812 547 2869 est
568 2811 638 2868 tota
652 2800 836 2869 ebdomada
850 2799 975 2869 habuit
1007 2802 1170 2872 Adstante
1184 2806 1297 2895 itaque

150 2911 213 2971 me,
244 2902 374 2956 etcum
396 2886 610 2954 admiratione
637 2909 707 2954 rem
735 2887 970 2972 considerante,
999 2911 1061 3018 per
1086 2887 1297 2978 logothetam,

173 2974 231 3041 uid
254 2995 352 3062 super
376 2972 440 3039 hac
468 2993 505 3038 re
527 2972 609 3038 mihi
634 2970 788 3060 placeret,
811 2972 997 3039 sciscitatus
1037 2983 1088 3040 est
1107 2974 1296 3064 imperator.

151 2995 215 3126 dui
235 3060 271 3125 in
293 3080 383 3124 uam:
406 3055 585 3124 ‘Placerett
606 3078 695 3142 sane,
718 3057 766 3124 sil
787 3055 971 3145 prodesset3
994 3059 1079 3126 sicut
1100 3070 1134 3127 et
1155 3063 1297 3128 estuanti

150 3142 245 3210 diviti
336 3144 385 3209 ari
406 3144 478 3208 visa
498 3144 629 3231 requies
651 3140 831 3230 prodesset,
854 3143 882 3208 si
904 3144 1121 3258 proveniret53
1146 3145 1200 3210 cui
1219 3145 1297 3234 quia
1310 3152 1328 3183 x

142 3235 217 3295 ‘mon
245 3227 377 3312 accidit,
433 3229 468 3293 ui
497 3249 619 3317 quaeso
640 3226 774 3316 placere
798 3227 940 3316 potuit?
973 3227 1155 3296 Subridens
1184 3230 1296 3332 imque

148 3315 328 3403 imperator
359 3333 403 3400 pa
438 3310 527 3378 ulum
551 3313 677 3401 pudore
699 3321 891 3389 commotus,
913 3322 951 3378 ut
967 3312 1011 3378 ad
1026 3314 1169 3399 aeirem
1189 3325 1296 3404 capue

149 3400 265 3483 innuit,
303 3363 481 3487 alliumque
496 3419 653 3500 magnum
674 3419 750 3463 curn
769 3417 944 3464 aureorum
964 3396 1057 3482 libra,
1079 3420 1178 3487 quam
1192 3396 1296 3467 liben-

149 3494 200 3550 ter
220 3421 320 3568 dedlt,
341 3483 497 3551 libentius
519 3503 643 3572 accept.
715 3507 718 3512 ·

614 3685 837 3698 σῳ·-

149 3955 173 4008 a)
188 3956 367 3999 candlwornm
382 3954 467 4006 sasque
486 3954 566 4005 capitis
581 3953 659 4001 mat
675 3952 699 3994 6.
720 3951 764 3994 ia.
786 3951 838 3996 δι’.
859 3953 908 3995 ttae
917 3952 1001 4004 sellan
1016 3954 1109 3995 mim
1123 3955 1149 3995 ta
1163 3955 1236 3997 acates
1251 3956 1295 4000 ha.

150 4017 223 4058 maso
236 4017 341 4068 princeps
356 4014 427 4055 addtt:
445 4017 470 4055 et
485 4014 510 4055 ta
525 4023 601 4064 genus
618 4013 738 4054 clientum.
784 4011 809 4064 b)
819 4018 929 4065 paratum
940 4015 961 4055 8.
1008 4014 1112 4068 e)dts·1.
1128 4015 1149 4058 8.
1195 4015 1296 4071 dunar-

150 4074 407 4118 tametssxtasts.t.
419 4074 448 4115 ab
460 4075 482 4114 8.
513 4073 538 4127 a)
553 4072 611 4114 aare
626 4083 689 4113 vocer
703 4072 831 4113 mmm
846 4072 944 4114 westan
959 4073 1083 4115 actumst
1098 4074 1124 4114 tn
1140 4073 1161 4115 8.
1192 4075 1295 4130 osma.

150 4139 212 4176 tatus
229 4135 250 4176 8.
312 4134 336 4186 g)
352 4134 450 4176 Plaesrc
466 4134 487 4175 8.
549 4131 573 4185 h)
589 4143 631 4174 voa
646 4132 722 4173 auidis
737 4133 761 4172 ta
778 4133 800 4176 8.
860 4131 879 4185 l)
895 4144 938 4174 oca
953 4133 1067 4175 oimrtor
1081 4133 1106 4174 ta
1123 4133 1144 4176 8.

154 4283 181 4352 1)
195 4280 310 4350 Penula,
327 4285 407 4354 pallii
420 4286 545 4340 militaris
559 4301 655 4355 genus.
715 4282 744 4351 2)
759 4284 802 4340 Oi.
817 4283 852 4338 de
865 4285 919 4338 hoe
932 4299 1042 4337 munera
1056 4300 1139 4355 supra
1151 4285 1196 4339 111
1209 4302 1234 4339 c.
1249 4285 1294 4340 88.
