2932 4718
174 222 246 276 vm
543 215 750 277 PRAEFATIO
769 220 956 276 anrroms.

63 388 330 469 'preneceleeioc
351 391 601 460 *Cremonensis
622 413 696 457 enm
712 391 793 457 aliie
807 393 1048 458 commutantes
1080 390 1207 458 Eodem
1221 412 1314 456 anno

176 479 288 544 statim
303 485 383 564 poet
403 476 522 542 Leonis
551 475 639 542 VIII.
662 476 785 543 obitam
809 497 883 542 ono
911 499 986 542 cum
1013 475 1054 542 Os
1078 498 1141 542 eso·
1155 475 1316 562 Spirensi

121 589 127 601 ·
175 561 331 649 episcopo
351 559 480 648 lepatoe
495 582 562 646 pro
584 557 735 663 elipando
790 583 861 648 opo
887 562 1007 626 iterum
1063 583 1170 627 omnm
1190 561 1316 627 misene
1405 602 1408 607 -

175 654 223 711 eet
232 655 255 710 ¹.
295 642 366 721 Quo
380 667 514 712 maome
529 582 896 733 amploees'mossonctoe,
918 654 1030 712 atram
1043 648 1080 712 in
1097 642 1316 711 Germaniam

174 729 317 819 indeque
348 728 541 798 Cremonam
566 729 722 814 redierit,
752 752 798 795 an
827 731 1040 815 imperatores
1066 732 1106 797 e'a
1128 728 1232 797 Italia
1255 729 1336 795 od·-

112 841 115 845 ’
174 824 307 881 ventam
322 813 551 902 praestolatus
565 817 618 899 eit,
641 814 735 881 baad
749 817 977 901 comperimus.
1009 814 1111 880 Anno
1126 813 1191 880 966
1205 835 1315 881 mense

167 1023 294 1088 ,turbatio
312 1023 502 1094 invidiosaque
521 1027 662 1078 accusatio
680 1023 784 1077 iecerat
803 1030 941 1095 expertem
960 1038 978 1075 a
997 1029 1145 1092 conspectu
1163 1024 1249 1091 regio,
1269 1025 1318 1092 qui

175 1098 217 1152 sic
236 1101 279 1152 est
296 1113 373 1152 otene
391 1098 444 1152 lari
467 1113 537 1152 voce
552 1099 684 1167 ‘lugubris
721 1097 813 1150 ‘Pater
836 1098 993 1160 carissime,
1015 1111 1097 1166 quem
1122 1099 1317 1166 imperatorin
1370 1098 1373 1102 “

81 1173 84 1180 ‘
175 1167 297 1226 secundo
316 1172 395 1240 regni
414 1171 531 1226 culmine
551 1173 663 1238 dicarit,
683 1171 816 1240 deprecor
834 1172 902 1224 mihi
920 1171 1076 1236 subvenire,
1101 1174 1229 1239 quoniam
1249 1187 1316 1239 qna·

176 1244 239 1299 dam
258 1246 435 1299 accusatione
454 1244 597 1300 damnatus
615 1244 753 1316 nngecula
771 1260 805 1297 ac
824 1246 923 1298 iniuste
942 1246 1001 1297 scri
1012 1260 1158 1313 percussus
1171 1247 1317 1311 sententia,

121 1317 124 1323 ’
175 1318 313 1388 imperiali
330 1335 391 1372 aum
408 1321 531 1389 privatus
551 1322 648 1389 gratia
682 1320 762 1372 Nunc
782 1334 847 1386 ergo
863 1318 966 1391 adiuva
983 1334 1037 1384 me,
1056 1334 1146 1371 meam
1166 1317 1317 1372 condolens

175 1393 368 1458 obiectiouem,
386 1395 601 1463 recompensabo
620 1395 692 1448 euim
711 1399 739 1446 te
756 1395 852 1460 quovis
870 1392 1001 1445 munere’.
1031 1391 1083 1446 Cui
1101 1391 1163 1445 ille:
1183 1392 1223 1445 ‘ei
1241 1391 1317 1458 felix,

175 1467 277 1535 inquit,
302 1472 457 1522 amatorum
484 1469 641 1538 corporibus
665 1483 709 1521 ma
732 1467 859 1520 babendo
883 1465 997 1534 aliquod
1021 1465 1132 1519 felicem
1157 1466 1266 1532 iecoris,
1289 1471 1318 1519 te

175 1539 290 1594 reddam
308 1541 517 1602 benevolentiae
536 1544 667 1611 pristinae
686 1541 777 1609 regis’,
815 1539 858 1592 ed
878 1540 949 1592 baec
971 1538 1034 1591 ille:
1067 1541 1138 1592 ‘Non
1156 1538 1254 1602 audeo,
1275 1541 1317 1592 in·

176 1615 243 1682 quit,
261 1615 291 1666 in
308 1614 362 1667 hoc
381 1617 436 1668 tuis
454 1616 613 1669 satisfacere
632 1614 832 1682 rogationibns3
857 1612 969 1667 condita
987 1615 1061 1665 enim
1079 1618 1143 1667 eunt
1160 1619 1317 1667 sanctorum

174 1686 1317 1828 liffiilli'lniiiidliirffihillidii-diffiniit&‘iili

175 1835 227 1887 tibi
245 1834 344 1888 inferre
364 1835 484 1889 valerem
504 1839 609 1890 ratione
628 1836 729 1905 aliqua,
749 1842 776 1888 et
789 1834 824 1887 ad
838 1841 912 1888 tuam
924 1851 1020 1903 possea
1032 1834 1177 1889 manescere
1191 1837 1318 1904 patriam,

175 1914 203 1961 te
222 1909 280 1962 iore
299 1908 460 1963 laetandum
478 1913 545 1974 scio,
565 1915 643 1964 tanto
662 1916 740 1978 patre
755 1908 856 1962 beato'.
888 1909 941 1961 His
952 1925 1018 1962 vero
1031 1908 1125 1962 relatis
1138 1909 1317 1973 sermonibus,

176 1981 214 2034 ad
231 1983 358 2036 Ameriae
378 1983 509 2053 oppidum
528 2000 629 2038 venere
648 1985 783 2053 protinus,
800 1990 828 2037 et
847 1982 920 2035 alma
940 1983 1092 2035 calliditate
1114 1984 1231 2050 ingressi
1253 1988 1317 2035 sunt

175 2054 336 2120 eeclesiam,
363 2059 442 2125 quasi
467 2065 600 2111 nocturna
628 2059 790 2110 celebraturi
815 2058 954 2123 mysteria.
1000 2057 1132 2110 hermeti
1151 2071 1269 2125 namque
1287 2059 1317 2108 in

175 2131 309 2195 oratione,
336 2130 437 2184 diutine
462 2132 554 2185 multis
581 2131 719 2184 vacabant
740 2130 810 2183 votis
837 2136 864 2182 et
889 2131 1025 2199 precibus,
1054 2147 1108 2198 qno
1133 2133 1190 2183 suis
1213 2132 1316 2184 sanctis

174 2203 299 2256 faverent
316 2205 507 2273 petitionibus3
527 2207 574 2257 vix
587 2205 704 2275 expletis
717 2205 895 2269 orationibus,
913 2209 986 2257 totus
1001 2203 1049 2256 ille
1064 2206 1227 2256 contremuit
1237 2204 1316 2258 locus
1417 2209 1420 2214 ’

153 2340 162 2351 ,Ι
174 2278 204 2329 in
223 2292 277 2345 quo
294 2279 405 2331 iacebat
424 2278 452 2332 S.
468 2279 625 2346 Hymetius.
661 2279 698 2331 At
715 2276 856 2346 praesules
875 2279 1000 2345 quamvis
1019 2277 1182 2341 tremefacti,
1201 2280 1316 2330 tamen²

174 2365 224 2418 spe
251 2350 364 2404 credula
390 2354 500 2422 propius
526 2359 589 2406 sunt
613 2353 746 2420 aggressi.
791 2351 901 2403 Interea
928 2350 1087 2404 custodibus
1114 2352 1192 2418 gravi
1220 2367 1316 2403 somno
1374 2411 1376 2415 ,

175 2423 386 2490 dormientibus,
412 2426 538 2479 adierunt
564 2428 688 2494 episcopi
713 2425 751 2477 ad
775 2426 865 2477 sancti
890 2425 1015 2492 Hymetii
1039 2423 1222 2493 sepulchrum.
1262 2425 1316 2488 Qui

175 2496 240 2551 dnm
260 2506 409 2568 coeperunt
427 2516 519 2553 arcam
537 2499 673 2567 frangere,
698 2499 809 2551 beatum
829 2514 927 2568 corpus
948 2505 1078 2551 conantes
1098 2499 1249 2562 extrahere,
1269 2514 1316 2551 ex·
1357 2497 1359 2499 ’

174 2572 348 2639 pergefactus
377 2574 490 2642 quidam
518 2589 552 2625 ex
569 2573 740 2626 custodibus
769 2574 861 2639 coepit
890 2572 1024 2624 clamares
1061 2572 1180 2638 ‘Sus-gite
1208 2571 1316 2638 fratres,

174 2646 278 2714 ennete
297 2646 438 2712 velociter,
458 2647 536 2700 nobis
554 2647 630 2699 beati
642 2647 767 2714 Hymerii
787 2661 884 2714 corpus
902 2646 1024 2698 iuratur'.
1056 2646 1116 2709 Quo
1135 2645 1222 2698 niueo
1235 2661 1316 2714 pras·

174 2719 218 2772 sul
243 2722 370 2788 egregins
396 2720 499 2785 audito,
520 2720 627 2773 custodi
648 2735 801 2784 occurrens,
825 2719 901 2771 illico
925 2720 950 2770 ei
976 2718 1024 2770 dat
1042 2734 1162 2784 munera,
1187 2725 1214 2771 et
1235 2720 1316 2787 petiit

174 2791 327 2857 silentium
346 2793 394 2846 ille
413 2809 478 2846 sero
497 2800 613 2864 accepto
632 2809 744 2846 munere
762 2808 866 2861 suoque
885 2793 944 2845 viso
964 2793 1102 2861 episcopo,
1126 2799 1222 2845 taceae
1249 2808 1315 2845 con·

118 2907 121 2914 ,
174 2864 239 2918 tulit
256 2867 414 2934 presidium.
451 2868 528 2920 Tunc
547 2867 685 2936 pontificis
705 2882 803 2934 corpus
828 2865 956 2919 tollentes
983 2865 1105 2930 celebre,
1132 2865 1316 2920 adoraverent

174 2944 250 2992 tanto
277 2941 366 3008 gavisi
393 2956 514 2993 munere.
547 2940 703 2993 (tondentes
728 2956 793 2993 vero
812 2941 985 2992 sanctissima
1003 2940 1124 2992 membra
1142 2956 1209 2993 vaes
1228 2943 1315 3008 puris-

176 3013 263 3077 simo,
290 3014 361 3065 clam
386 3015 510 3068 omuibus
537 3016 660 3067 exierunt
686 3015 720 3066 ab
741 3013 851 3083 oppido.
889 3013 1009 3065 Rediens
1036 3020 1127 3066 antem
1145 3014 1315 3083 praelibatus

175 3086 289 3141 antistes
302 3086 472 3153 Cremonam,
491 3104 584 3142 secum
598 3095 692 3156 optata
708 3087 806 3140 obtulit
819 3086 929 3155 gaudia.
960 3087 1013 3150 Qui
1025 3089 1161 3156 propriam
1174 3091 1314 3155 ingressus
1419 3132 1420 3135 ,

175 3159 269 3213 urbem
294 3161 434 3214 advocans
460 3161 584 3230 plebem,
609 3164 714 3214 cunctis
740 3162 892 3214 beatissimi
916 3160 1041 3227 Hymerii
1061 3176 1159 3229 corpus
1186 3161 1313 3216 ostendit.

174 3233 306 3287 Prostrati
332 3237 433 3287 etenim
452 3237 481 3287 iu
500 3238 623 3289 oratioue
648 3235 774 3305 populns,
799 3234 898 3287 obnixe
917 3233 1069 3287 laudabant
1093 3234 1242 3300 dominum,
1267 3239 1315 3305 qui

173 3305 258 3360 talem
276 3305 331 3360 illie
350 3314 492 3376 patronum
512 3309 635 3363 dederat.
674 3309 796 3376 Cumque
815 3311 845 3360 in
864 3309 952 3360 sancti
970 3311 1055 3375 patris
1072 3307 1169 3363 landes
1185 3311 1314 3378 persiste·

174 3385 243 3446 rent,
262 3379 372 3448 plurimi
391 3384 528 3450 petierunt
547 3383 703 3447 ecclesiam,
723 3388 751 3434 et
768 3384 798 3433 in
813 3383 942 3434 honorem
963 3383 1021 3435 eius
1041 3386 1171 3449 mysteria
1191 3383 1314 3436 celebra·

174 3469 249 3508 sere.
267 3454 345 3507 Tunc
356 3453 527 3508 reconditum
540 3466 582 3510 eet
594 3464 799 3510 sacrosanctum
813 3470 910 3524 corpus
920 3457 1019 3508 somnio
1031 3457 1160 3510 decorato
1171 3457 1313 3511 decentius

173 3533 237 3596 poat
255 3535 370 3581 sanctae
389 3529 435 3581 dei
454 3531 594 3597 genitricis
613 3530 710 3594 altare,
738 3528 810 3598 quod
830 3527 878 3582 illo
901 3535 1024 3598 tempore
1049 3532 1189 3584 conditum
1206 3536 1266 3583 erat
1284 3533 1313 3583 in

174 3601 288 3656 australi
306 3609 383 3670 parte
402 3601 476 3656 illine
497 3603 642 3668 ecclcsiae,
661 3603 709 3656 ubi
721 3605 869 3672 permansit
882 3602 984 3656 diutine
996 3606 1092 3657 nonin
1104 3605 1184 3658 altari
1200 3606 1313 3673 positus,

175 3676 240 3743 quia
265 3675 360 3729 deerat
386 3675 522 3729 condendi
545 3674 704 3742 locns‚'sed
729 3683 824 3730 tamen
848 3683 878 3729 ut
902 3684 1014 3732 sanctus
1037 3695 1144 3748 semper
1162 3680 1190 3731 in
1210 3694 1312 3732 annum

176 3747 325 3803 colebatur.
361 3750 524 3804 Laudabilie
546 3759 636 3805 autem
662 3751 801 3821 praefatus
826 3751 948 3818 pontifex
972 3757 1050 3806 tanto
1075 3759 1153 3821 patre
1179 3752 1312 3821 gaudeus,

174 3823 409 3877 animadvertebat
428 3825 545 3892 qualiter
563 3828 651 3879 sancti
671 3825 801 3879 conderet
820 3841 935 3891 sacrum
953 3826 1002 3879 sed
1022 3833 1113 3879 umen
1129 3843 1183 3879 non
1195 3827 1246 3880 tuit
1259 3828 1312 3881 boc

173 3895 215 3949 illi
241 3899 343 3961 datum,
368 3900 433 3966 quia
456 3900 590 3967 imperiali
619 3902 729 3953 servitio
754 3906 865 3953 coactns
893 3900 1155 3968 Constantinopolim
1182 3901 1313 3966 directus,

173 3969 241 4024 illuc
260 3971 376 4040 amplius
400 3971 474 4024 baud
500 3981 541 4026 est
563 3970 705 4026 reversus’.
818 3973 846 4041 1)
865 3974 939 4028 Mon.
958 3975 1021 4028 bist
1039 3981 1108 4043 patr.
1127 3975 1209 4040 xm,
1230 3972 1313 4032 1197.

174 4041 204 4110 2)
225 4043 306 4098 cont.
324 4046 475 4112 Reginonis
492 4064 520 4100 a.
538 4047 607 4098 965:
636 4048 722 4101 Liuzo
742 4048 932 4102 cremonensis
952 4049 1106 4117 episcopus.
1187 4089 1190 4092 »

174 4216 198 4270 a)
213 4221 262 4260 tam
277 4219 310 4260 ed.
