<?xml version="1.0" encoding="UTF-8"?>
<!DOCTYPE html PUBLIC "-//W3C//DTD XHTML 1.0 Transitional//EN"
    "http://www.w3.org/TR/xhtml1/DTD/xhtml1-transitional.dtd">
<html xmlns="http://www.w3.org/1999/xhtml" xml:lang="en" lang="en">
 <head>
  <title>
</title>
<meta http-equiv="Content-Type" content="text/html;charset=utf-8" />
  <meta name='ocr-system' content='tesseract 3.04.00' />
  <meta name='ocr-capabilities' content='ocr_page ocr_carea ocr_par ocr_line ocrx_word'/>
</head>
<body>
  <div class='ocr_page' id='page_1' title='image "./operaomnia00liudgoog_0046.png"; bbox 0 0 2932 4718; ppageno 0'>
   <div class='ocr_carea' id='block_1_1' title="bbox 231 243 1217 301">
    <p class='ocr_par' dir='ltr' id='par_1_1' title="bbox 231 243 1217 301">
     <span class='ocr_line' id='line_1_1' title="bbox 231 243 1217 301; baseline 0.003 -3"><span class='ocrx_word' id='word_1_1' title='bbox 231 247 268 298; x_wconf 73' lang='lat'>20</span> <span class='ocrx_word' id='word_1_2' title='bbox 389 243 620 298; x_wconf 75' lang='lat' dir='ltr'>LIUDPRANDI</span> <span class='ocrx_word' id='word_1_3' title='bbox 638 243 903 299; x_wconf 73' lang='lat' dir='ltr'>ANTAPODOSIS.</span> <span class='ocrx_word' id='word_1_4' title='bbox 939 244 1012 299; x_wconf 75' lang='lat' dir='ltr'>unt.</span> <span class='ocrx_word' id='word_1_5' title='bbox 1033 245 1057 298; x_wconf 92' lang='lat'>1.</span> <span class='ocrx_word' id='word_1_6' title='bbox 1096 245 1217 301; x_wconf 70' lang='lat' dir='ltr'>al-ao.</span> 
     </span>
    </p>
   </div>
   <div class='ocr_carea' id='block_1_2' title="bbox 45 390 1370 3309">
    <p class='ocr_par' dir='ltr' id='par_1_2' title="bbox 59 390 1370 2393">
     <span class='ocr_line' id='line_1_2' title="bbox 231 390 1368 504; baseline 0.002 -21"><span class='ocrx_word' id='word_1_7' title='bbox 231 415 296 482; x_wconf 90' lang='lat' dir='ltr'>lam</span> <span class='ocrx_word' id='word_1_8' title='bbox 317 413 491 499; x_wconf 83' lang='lat' dir='ltr'>iaciebant,</span> <span class='ocrx_word' id='word_1_9' title='bbox 512 424 623 503; x_wconf 83' lang='lat' dir='ltr'>gestus</span> <span class='ocrx_word' id='word_1_10' title='bbox 648 390 763 504; x_wconf 86' lang='lat' dir='ltr'>turpis,</span> <span class='ocrx_word' id='word_1_11' title='bbox 791 425 905 480; x_wconf 85' lang='lat' dir='ltr'>cantus</span> <span class='ocrx_word' id='word_1_12' title='bbox 931 413 1082 500; x_wconf 78' lang='lat' dir='ltr'><strong>ludicres,</strong></span> <span class='ocrx_word' id='word_1_13' title='bbox 1111 415 1368 486; x_wconf 68' lang='lat' dir='ltr'><strong>dibachationes.</strong></span> 
     </span>
     <span class='ocr_line' id='line_1_3' title="bbox 230 497 1366 590; baseline 0.002 -22"><span class='ocrx_word' id='word_1_14' title='bbox 230 499 299 569; x_wconf 83' lang='lat' dir='ltr'>Sed</span> <span class='ocrx_word' id='word_1_15' title='bbox 320 510 353 567; x_wconf 88' lang='lat' dir='ltr'>et</span> <span class='ocrx_word' id='word_1_16' title='bbox 373 499 525 567; x_wconf 87' lang='lat' dir='ltr'>mulieres</span> <span class='ocrx_word' id='word_1_17' title='bbox 545 499 662 566; x_wconf 89' lang='lat' dir='ltr'>eodem</span> <span class='ocrx_word' id='word_1_18' title='bbox 682 497 823 588; x_wconf 90' lang='lat' dir='ltr'>publice,</span> <span class='ocrx_word' id='word_1_19' title='bbox 852 521 913 588; x_wconf 89' lang='lat' dir='ltr'>pro</span> <span class='ocrx_word' id='word_1_20' title='bbox 934 499 1036 584; x_wconf 84' lang='lat' dir='ltr'>nefas,</span> <span class='ocrx_word' id='word_1_21' title='bbox 1058 500 1366 590; x_wconf 81' lang='lat' dir='ltr'>prostituebantnr¹.</span> 
     </span>
     <span class='ocr_line' id='line_1_4' title="bbox 316 582 1369 674; baseline 0.002 -19"><span class='ocrx_word' id='word_1_22' title='bbox 316 587 369 655; x_wconf 82' lang='lat'>34.</span> <span class='ocrx_word' id='word_1_23' title='bbox 401 585 555 673; x_wconf 87' lang='lat' dir='ltr'>Denique</span> <span class='ocrx_word' id='word_1_24' title='bbox 582 582 773 653; x_wconf 70' lang='lat' dir='ltr'>redeuntem</span> <span class='ocrx_word' id='word_1_25' title='bbox 799 606 910 673; x_wconf 80' lang='lat' dir='ltr'>regem</span> <span class='ocrx_word' id='word_1_26' title='bbox 940 607 1060 674; x_wconf 82' lang='lat' dir='ltr'>magna</span> <span class='ocrx_word' id='word_1_27' title='bbox 1085 608 1162 654; x_wconf 88' lang='lat' dir='ltr'>cnm</span> <span class='ocrx_word' id='word_1_28' title='bbox 1180 586 1369 658; x_wconf 83' lang='lat' dir='ltr'>valetudine</span> 
     </span>
     <span class='ocr_line' id='line_1_5' title="bbox 230 668 1370 762; baseline 0.002 -22"><span class='ocrx_word' id='word_1_29' title='bbox 230 672 406 744; x_wconf 80' lang='lat' dir='ltr'>Amulium</span> <span class='ocrx_word' id='word_1_30' title='bbox 426 669 561 759; x_wconf 85' lang='lat' dir='ltr'>palatim</span> <span class='ocrx_word' id='word_1_31' title='bbox 581 692 641 737; x_wconf 90' lang='lat' dir='ltr'>rex</span> <span class='ocrx_word' id='word_1_32' title='bbox 663 668 762 739; x_wconf 85' lang='lat' dir='ltr'>Wrdo</span> <span class='ocrx_word' id='word_1_33' title='bbox 783 671 1000 759; x_wconf 82' lang='lat' dir='ltr'>persequitur.</span> <span class='ocrx_word' id='word_1_34' title='bbox 1038 671 1190 762; x_wconf 80' lang='lat' dir='ltr'>Cumque</span> <span class='ocrx_word' id='word_1_35' title='bbox 1209 672 1370 742; x_wconf 77' lang='lat' dir='ltr'>Amntm</span> 
     </span>
     <span class='ocr_line' id='line_1_6' title="bbox 230 753 1368 859; baseline 0.002 -35"><span class='ocrx_word' id='word_1_36' title='bbox 230 757 391 837; x_wconf 81' lang='lat' dir='ltr'>Burdenis</span> <span class='ocrx_word' id='word_1_37' title='bbox 412 765 555 823; x_wconf 85' lang='lat' dir='ltr'>montem</span> <span class='ocrx_word' id='word_1_38' title='bbox 575 754 807 822; x_wconf 87' lang='lat' dir='ltr'>conscenderet</span> <span class='ocrx_word' id='word_1_39' title='bbox 814 753 922 856; x_wconf 39' lang='lat' dir='ltr'>¹‚·hcc</span> <span class='ocrx_word' id='word_1_40' title='bbox 942 778 1077 858; x_wconf 78' lang='lat' dir='ltr'>suorum</span> <span class='ocrx_word' id='word_1_41' title='bbox 1099 756 1233 859; x_wconf 81' lang='lat' dir='ltr'>consilio</span> <span class='ocrx_word' id='word_1_42' title='bbox 1254 758 1368 826; x_wconf 81' lang='lat' dir='ltr'>delini·</span> 
     </span>
     <span class='ocr_line' id='line_1_7' title="bbox 229 839 1369 1020; baseline -0.001 -24"><span class='ocrx_word' id='word_1_43' title='bbox 229 839 1369 1020; x_wconf 50' lang='lat' dir='ltr'>fflfflffiffiffifflffi</span> 
     </span>
     <span class='ocr_line' id='line_1_8' title="bbox 151 1009 1370 1188; baseline 0 -21"><span class='ocrx_word' id='word_1_44' title='bbox 151 1094 157 1104; x_wconf 20' lang='lat' dir='ltr'>x</span> <span class='ocrx_word' id='word_1_45' title='bbox 592 1009 1370 1188; x_wconf 57' lang='lat' dir='ltr'>rs..</span> 
     </span>
     <span class='ocr_line' id='line_1_9' title="bbox 193 1181 1369 1282; baseline 0.001 -31"><span class='ocrx_word' id='word_1_46' title='bbox 193 1274 197 1280; x_wconf 19' lang='lat'><strong>⁴</strong></span> <span class='ocrx_word' id='word_1_47' title='bbox 231 1185 299 1269; x_wconf 77' lang='lat' dir='ltr'>Qui</span> <span class='ocrx_word' id='word_1_48' title='bbox 319 1205 398 1250; x_wconf 91' lang='lat' dir='ltr'>mcx</span> <span class='ocrx_word' id='word_1_49' title='bbox 419 1192 457 1249; x_wconf 90' lang='lat' dir='ltr'>ut</span> <span class='ocrx_word' id='word_1_50' title='bbox 477 1190 587 1282; x_wconf 72' lang='lat' dir='ltr'>sensit,</span> <span class='ocrx_word' id='word_1_51' title='bbox 620 1202 741 1282; x_wconf 75' lang='lat' dir='ltr'>ucerna</span> <span class='ocrx_word' id='word_1_52' title='bbox 759 1200 861 1282; x_wconf 77' lang='lat' dir='ltr'>quam</span> <span class='ocrx_word' id='word_1_53' title='bbox 882 1193 960 1249; x_wconf 85' lang='lat' dir='ltr'>ante</span> <span class='ocrx_word' id='word_1_54' title='bbox 979 1181 1109 1249; x_wconf 85' lang='lat' dir='ltr'>Amulli</span> <span class='ocrx_word' id='word_1_55' title='bbox 1128 1184 1215 1272; x_wconf 85' lang='lat' dir='ltr'>regis</span> <span class='ocrx_word' id='word_1_56' title='bbox 1235 1207 1369 1272; x_wconf 79' lang='lat' dir='ltr'>presen-</span> 
     </span>
     <span class='ocr_line' id='line_1_10' title="bbox 138 1265 1368 1358; baseline 0.002 -22"><span class='ocrx_word' id='word_1_57' title='bbox 138 1334 140 1343; x_wconf 76' lang='grc'>,</span> <span class='ocrx_word' id='word_1_58' title='bbox 230 1271 310 1336; x_wconf 92' lang='lat' dir='ltr'>tiam</span> <span class='ocrx_word' id='word_1_59' title='bbox 325 1277 473 1336; x_wconf 84' lang='lat' dir='ltr'>tenuerat</span> <span class='ocrx_word' id='word_1_60' title='bbox 486 1265 544 1333; x_wconf 79' lang='lat' dir='ltr'>alii</span> <span class='ocrx_word' id='word_1_61' title='bbox 554 1265 685 1350; x_wconf 74' lang='lat' dir='ltr'>tradita,</span> <span class='ocrx_word' id='word_1_62' title='bbox 697 1265 804 1354; x_wconf 71' lang='lat' dir='ltr'>fuget,</span> <span class='ocrx_word' id='word_1_63' title='bbox 819 1279 919 1355; x_wconf 90' lang='lat' dir='ltr'>atque</span> <span class='ocrx_word' id='word_1_64' title='bbox 932 1267 1097 1335; x_wconf 81' lang='lat' dir='ltr'>Veronam</span> <span class='ocrx_word' id='word_1_65' title='bbox 1111 1270 1255 1358; x_wconf 89' lang='lat' dir='ltr'>percitus</span> <span class='ocrx_word' id='word_1_66' title='bbox 1268 1270 1368 1338; x_wconf 76' lang='lat' dir='ltr'>uenit.</span> 
     </span>
     <span class='ocr_line' id='line_1_11' title="bbox 316 1351 1368 1444; baseline 0.002 -22"><span class='ocrx_word' id='word_1_67' title='bbox 316 1354 368 1421; x_wconf 76' lang='lat'>35.</span> <span class='ocrx_word' id='word_1_68' title='bbox 402 1352 539 1422; x_wconf 82' lang='lat' dir='ltr'>Omnes</span> <span class='ocrx_word' id='word_1_69' title='bbox 556 1362 679 1418; x_wconf 80' lang='lat' dir='ltr'>extunc</span> <span class='ocrx_word' id='word_1_70' title='bbox 710 1351 877 1419; x_wconf 86' lang='lat' dir='ltr'>Italienses</span> <span class='ocrx_word' id='word_1_71' title='bbox 910 1351 1084 1420; x_wconf 79' lang='lat' dir='ltr'>Amulium</span> <span class='ocrx_word' id='word_1_72' title='bbox 1119 1353 1368 1444; x_wconf 86' lang='lat' dir='ltr'>floccipendere,</span> 
     </span>
     <span class='ocr_line' id='line_1_12' title="bbox 67 1435 1370 1524; baseline 0.005 -22"><span class='ocrx_word' id='word_1_73' title='bbox 67 1497 70 1502; x_wconf 86' lang='lat'>.</span> <span class='ocrx_word' id='word_1_74' title='bbox 140 1436 183 1487; x_wconf 71' lang='lat' dir='ltr'>&#39;s</span> <span class='ocrx_word' id='word_1_75' title='bbox 228 1438 342 1506; x_wconf 82' lang='lat' dir='ltr'>nichili</span> <span class='ocrx_word' id='word_1_76' title='bbox 369 1438 499 1506; x_wconf 83' lang='lat' dir='ltr'>babere.</span> <span class='ocrx_word' id='word_1_77' title='bbox 548 1436 646 1504; x_wconf 88' lang='lat' dir='ltr'>Unde</span> <span class='ocrx_word' id='word_1_78' title='bbox 674 1458 751 1504; x_wconf 90' lang='lat' dir='ltr'>cnm</span> <span class='ocrx_word' id='word_1_79' title='bbox 779 1436 929 1503; x_wconf 79' lang='lat' dir='ltr'>Ticinum</span> <span class='ocrx_word' id='word_1_80' title='bbox 956 1441 1118 1524; x_wconf 81' lang='lat' dir='ltr'>veniret⁸,</span> <span class='ocrx_word' id='word_1_81' title='bbox 1146 1435 1370 1508; x_wconf 72' lang='lat' dir='ltr'>rioii&#39;modica</span> 
     </span>
     <span class='ocr_line' id='line_1_13' title="bbox 138 1521 1369 1615; baseline 0.001 -24"><span class='ocrx_word' id='word_1_82' title='bbox 138 1525 148 1540; x_wconf 75' lang='grc'><em>“</em></span> <span class='ocrx_word' id='word_1_83' title='bbox 208 1526 324 1592; x_wconf 46' lang='lat' dir='ltr'>‘horta</span> <span class='ocrx_word' id='word_1_84' title='bbox 344 1533 393 1591; x_wconf 86' lang='lat' dir='ltr'>est</span> <span class='ocrx_word' id='word_1_85' title='bbox 413 1526 448 1590; x_wconf 94' lang='lat' dir='ltr'>in</span> <span class='ocrx_word' id='word_1_86' title='bbox 469 1523 600 1590; x_wconf 81' lang='lat' dir='ltr'>civitate</span> <span class='ocrx_word' id='word_1_87' title='bbox 620 1521 759 1607; x_wconf 83' lang='lat' dir='ltr'>sedici03</span> <span class='ocrx_word' id='word_1_88' title='bbox 784 1533 938 1611; x_wconf 88' lang='lat' dir='ltr'>tantaque</span> <span class='ocrx_word' id='word_1_89' title='bbox 958 1525 1033 1591; x_wconf 89' lang='lat' dir='ltr'>istic</span> <span class='ocrx_word' id='word_1_90' title='bbox 1054 1527 1219 1593; x_wconf 83' lang='lat' dir='ltr'>exercitus</span> <span class='ocrx_word' id='word_1_91' title='bbox 1241 1535 1369 1615; x_wconf 78' lang='lat' dir='ltr'>strages</span> 
     </span>
     <span class='ocr_line' id='line_1_14' title="bbox 230 1608 1368 1697; baseline 0.003 -21"><span class='ocrx_word' id='word_1_92' title='bbox 230 1610 319 1677; x_wconf 85' lang='lat' dir='ltr'>facta</span> <span class='ocrx_word' id='word_1_93' title='bbox 345 1619 404 1693; x_wconf 82' lang='lat' dir='ltr'>est,</span> <span class='ocrx_word' id='word_1_94' title='bbox 431 1619 469 1676; x_wconf 86' lang='lat' dir='ltr'>ut</span> <span class='ocrx_word' id='word_1_95' title='bbox 496 1609 619 1696; x_wconf 78' lang='lat' dir='ltr'>criptae</span> <span class='ocrx_word' id='word_1_96' title='bbox 641 1608 790 1691; x_wconf 85' lang='lat' dir='ltr'>civitatis,</span> <span class='ocrx_word' id='word_1_97' title='bbox 821 1631 902 1697; x_wconf 87' lang='lat' dir='ltr'>quae</span> <span class='ocrx_word' id='word_1_98' title='bbox 924 1609 987 1676; x_wconf 85' lang='lat' dir='ltr'>alio</span> <span class='ocrx_word' id='word_1_99' title='bbox 1009 1612 1140 1678; x_wconf 89' lang='lat' dir='ltr'>nomine</span> <span class='ocrx_word' id='word_1_100' title='bbox 1169 1610 1297 1678; x_wconf 79' lang='lat' dir='ltr'>cloacae</span> <span class='ocrx_word' id='word_1_101' title='bbox 1319 1611 1368 1679; x_wconf 87' lang='lat' dir='ltr'>di·</span> 
     </span>
     <span class='ocr_line' id='line_1_15' title="bbox 231 1691 1366 1782; baseline 0.002 -20"><span class='ocrx_word' id='word_1_102' title='bbox 231 1705 317 1780; x_wconf 71' lang='lat' dir='ltr'>cunt,</span> <span class='ocrx_word' id='word_1_103' title='bbox 338 1693 454 1761; x_wconf 89' lang='lat' dir='ltr'>horum</span> <span class='ocrx_word' id='word_1_104' title='bbox 469 1691 682 1759; x_wconf 82' lang='lat' dir='ltr'>cadaveribus</span> <span class='ocrx_word' id='word_1_105' title='bbox 694 1693 905 1782; x_wconf 86' lang='lat' dir='ltr'>replerentur.</span> <span class='ocrx_word' id='word_1_106' title='bbox 935 1695 1033 1778; x_wconf 79' lang='lat' dir='ltr'>Quod</span> <span class='ocrx_word' id='word_1_107' title='bbox 1047 1695 1205 1763; x_wconf 69' lang='lat' dir='ltr'>Amulius</span> <span class='ocrx_word' id='word_1_108' title='bbox 1220 1718 1366 1782; x_wconf 82' lang='lat' dir='ltr'>cernens,</span> 
     </span>
     <span class='ocr_line' id='line_1_16' title="bbox 169 1778 1366 1934; baseline 0.002 -88"><span class='ocrx_word' id='word_1_109' title='bbox 169 1778 636 1933; x_wconf 48' lang='lat' dir='ltr'>⁸⁹bssu⁰&lt;¹1¹i⁸msffirver⁰¹ssam</span> <span class='ocrx_word' id='word_1_110' title='bbox 649 1800 715 1844; x_wconf 91' lang='lat' dir='ltr'>non</span> <span class='ocrx_word' id='word_1_111' title='bbox 728 1780 845 1930; x_wconf 73' lang='lat' dir='ltr'>pqtrrit,</span> <span class='ocrx_word' id='word_1_112' title='bbox 867 1779 1135 1932; x_wconf 39' lang='lat' dir='ltr'>perffanmdiqulis</span> <span class='ocrx_word' id='word_1_113' title='bbox 1149 1783 1366 1934; x_wconf 41' lang='lat' dir='ltr'>yiamcqlquam</span> 
     </span>
     <span class='ocr_line' id='line_1_17' title="bbox 59 1872 1367 2038; baseline 0.003 -23"><span class='ocrx_word' id='word_1_114' title='bbox 59 2010 62 2015; x_wconf 78' lang='grc'><em>.</em></span> <span class='ocrx_word' id='word_1_115' title='bbox 120 1872 1031 2038; x_wconf 45' lang='grc' dir='ltr'>,Μέξοῗξὴωῗέὲθὲὴῖἕῗῗῖὲρὲῃᾚῖωἰιῗε</span> <span class='ocrx_word' id='word_1_116' title='bbox 1047 1878 1367 2037; x_wconf 49' lang='lat' dir='ltr'>..illiont</span> 
     </span>
     <span class='ocr_line' id='line_1_18' title="bbox 231 2033 1366 2105; baseline 0 -1"><span class='ocrx_word' id='word_1_117' title='bbox 231 2046 264 2105; x_wconf 89' lang='lat' dir='ltr'>et</span> <span class='ocrx_word' id='word_1_118' title='bbox 290 2034 421 2102; x_wconf 84' lang='lat' dir='ltr'>hortatu</span> <span class='ocrx_word' id='word_1_119' title='bbox 449 2035 564 2100; x_wconf 84' lang='lat' dir='ltr'>civitae</span> <span class='ocrx_word' id='word_1_120' title='bbox 594 2033 781 2102; x_wconf 75' lang='lat' dir='ltr'>rebellabat</span> <span class='ocrx_word' id='word_1_121' title='bbox 823 2035 948 2102; x_wconf 88' lang='lat' dir='ltr'>Verum</span> <span class='ocrx_word' id='word_1_122' title='bbox 976 2037 1038 2102; x_wconf 89' lang='lat' dir='ltr'>hoc</span> <span class='ocrx_word' id='word_1_123' title='bbox 1064 2036 1225 2103; x_wconf 78' lang='lat' dir='ltr'>Amulius</span> <span class='ocrx_word' id='word_1_124' title='bbox 1245 2039 1366 2105; x_wconf 89' lang='lat' dir='ltr'>iureiu-</span> 
     </span>
     <span class='ocr_line' id='line_1_19' title="bbox 228 2119 1364 2209; baseline 0.001 -21"><span class='ocrx_word' id='word_1_125' title='bbox 228 2121 331 2188; x_wconf 89' lang='lat' dir='ltr'>rando</span> <span class='ocrx_word' id='word_1_126' title='bbox 362 2121 563 2209; x_wconf 86' lang='lat' dir='ltr'>promiserat,</span> <span class='ocrx_word' id='word_1_127' title='bbox 592 2133 771 2208; x_wconf 81' lang='lat' dir='ltr'>numquam</span> <span class='ocrx_word' id='word_1_128' title='bbox 792 2143 827 2186; x_wconf 89' lang='lat' dir='ltr'>se</span> <span class='ocrx_word' id='word_1_129' title='bbox 849 2141 869 2185; x_wconf 91' lang='lat' dir='ltr'>a</span> <span class='ocrx_word' id='word_1_130' title='bbox 890 2119 962 2187; x_wconf 89' lang='lat' dir='ltr'>loco</span> <span class='ocrx_word' id='word_1_131' title='bbox 994 2120 1108 2189; x_wconf 89' lang='lat' dir='ltr'>eodem</span> <span class='ocrx_word' id='word_1_132' title='bbox 1134 2122 1364 2206; x_wconf 84' lang='lat' dir='ltr'>discessurum,</span> 
     </span>
     <span class='ocr_line' id='line_1_20' title="bbox 137 2204 1366 2356; baseline 0 -82"><span class='ocrx_word' id='word_1_133' title='bbox 137 2255 139 2260; x_wconf 86' lang='lat'><em>-</em></span> <span class='ocrx_word' id='word_1_134' title='bbox 230 2204 339 2297; x_wconf 89' lang='lat' dir='ltr'>quoad</span> <span class='ocrx_word' id='word_1_135' title='bbox 366 2205 548 2356; x_wconf 59' lang='lat' dir='ltr'>plresentiae</span> <span class='ocrx_word' id='word_1_136' title='bbox 576 2227 655 2271; x_wconf 82' lang='lat' dir='ltr'>suae</span> <span class='ocrx_word' id='word_1_137' title='bbox 681 2214 911 2306; x_wconf 44' lang='lat' dir='ltr'>presentarent·</span> <span class='ocrx_word' id='word_1_138' title='bbox 929 2206 1164 2309; x_wconf 28' lang='lat' dir='ltr'>Anscuarinmx·</span> <span class='ocrx_word' id='word_1_139' title='bbox 1180 2209 1219 2309; x_wconf 31' lang='lat' dir='ltr'>‘Is</span> <span class='ocrx_word' id='word_1_140' title='bbox 1245 2219 1366 2293; x_wconf 88' lang='lat' dir='ltr'>antem,</span> 
     </span>
     <span class='ocr_line' id='line_1_21' title="bbox 229 2289 1366 2393; baseline 0 -34"><span class='ocrx_word' id='word_1_141' title='bbox 229 2302 266 2359; x_wconf 90' lang='lat' dir='ltr'>ut</span> <span class='ocrx_word' id='word_1_142' title='bbox 286 2301 375 2393; x_wconf 38' lang='lat' dir='ltr'>erat.</span> <span class='ocrx_word' id='word_1_143' title='bbox 399 2311 473 2356; x_wconf 90' lang='lat' dir='ltr'>omo</span> <span class='ocrx_word' id='word_1_144' title='bbox 494 2289 591 2357; x_wconf 76' lang='lat' dir='ltr'>ualde</span> <span class='ocrx_word' id='word_1_145' title='bbox 616 2289 853 2373; x_wconf 85' lang='lat' dir='ltr'>formrdolosus‚</span> <span class='ocrx_word' id='word_1_146' title='bbox 882 2313 913 2358; x_wconf 85' lang='lat' dir='ltr'>er</span> <span class='ocrx_word' id='word_1_147' title='bbox 933 2312 1064 2357; x_wconf 90' lang='lat' dir='ltr'>ommno</span> <span class='ocrx_word' id='word_1_148' title='bbox 1093 2292 1206 2386; x_wconf 66' lang='lat' dir='ltr'>similis</span> <span class='ocrx_word' id='word_1_149' title='bbox 1236 2314 1302 2381; x_wconf 92' lang='lat' dir='ltr'>quo</span> <span class='ocrx_word' id='word_1_150' title='bbox 1324 2292 1366 2360; x_wconf 91' lang='lat' dir='ltr'>de</span> 
     </span>
    </p>

    <p class='ocr_par' dir='ltr' id='par_1_3' title="bbox 45 2378 1366 3309">
     <span class='ocr_line' id='line_1_22' title="bbox 228 2378 1309 2570; baseline 0.002 -43"><span class='ocrx_word' id='word_1_151' title='bbox 228 2378 321 2444; x_wconf 58' lang='lat' dir='ltr'>Mam</span> <span class='ocrx_word' id='word_1_152' title='bbox 346 2387 628 2570; x_wconf 46' lang='lat' dir='ltr'>a‘ltolrgrus&#39;opum</span> <span class='ocrx_word' id='word_1_153' title='bbox 650 2459 762 2547; x_wconf 78' lang='lat' dir='ltr'>lingua</span> <span class='ocrx_word' id='word_1_154' title='bbox 782 2459 905 2545; x_wconf 82' lang='lat' dir='ltr'>melior,</span> <span class='ocrx_word' id='word_1_155' title='bbox 927 2461 986 2527; x_wconf 90' lang='lat' dir='ltr'>sed</span> <span class='ocrx_word' id='word_1_156' title='bbox 1006 2461 1124 2548; x_wconf 86' lang='lat' dir='ltr'>frigida</span> <span class='ocrx_word' id='word_1_157' title='bbox 1141 2404 1230 2530; x_wconf 83' lang='lat' dir='ltr'>bello</span> <span class='ocrx_word' id='word_1_158' title='bbox 1305 2521 1309 2529; x_wconf 87' lang='lat'>.</span> 
     </span>
     <span class='ocr_line' id='line_1_23' title="bbox 231 2546 1366 2721; baseline 0.002 -23"><span class='ocrx_word' id='word_1_159' title='bbox 231 2632 273 2700; x_wconf 89' lang='lat' dir='ltr'>de</span> <span class='ocrx_word' id='word_1_160' title='bbox 294 2546 537 2713; x_wconf 52' lang='lat' dir='ltr'>castldllcndrrrli’t,</span> <span class='ocrx_word' id='word_1_161' title='bbox 560 2640 593 2697; x_wconf 86' lang='lat' dir='ltr'>et</span> <span class='ocrx_word' id='word_1_162' title='bbox 614 2630 707 2696; x_wconf 86' lang='lat' dir='ltr'>iuxta</span> <span class='ocrx_word' id='word_1_163' title='bbox 728 2651 858 2695; x_wconf 82' lang='lat' dir='ltr'>murum</span> <span class='ocrx_word' id='word_1_164' title='bbox 880 2631 1019 2698; x_wconf 80' lang='lat' dir='ltr'>civitatis</span> <span class='ocrx_word' id='word_1_165' title='bbox 1040 2632 1076 2696; x_wconf 93' lang='lat' dir='ltr'>in</span> <span class='ocrx_word' id='word_1_166' title='bbox 1097 2633 1243 2698; x_wconf 85' lang='lat' dir='ltr'>cavernis</span> <span class='ocrx_word' id='word_1_167' title='bbox 1258 2642 1366 2721; x_wconf 86' lang='lat' dir='ltr'>petra·</span> 
     </span>
     <span class='ocr_line' id='line_1_24' title="bbox 230 2713 1366 2805; baseline -0.001 -21"><span class='ocrx_word' id='word_1_168' title='bbox 230 2739 304 2783; x_wconf 88' lang='lat' dir='ltr'>rum</span> <span class='ocrx_word' id='word_1_169' title='bbox 325 2715 429 2784; x_wconf 78' lang='lat' dir='ltr'>latuit.</span> <span class='ocrx_word' id='word_1_170' title='bbox 461 2715 535 2782; x_wconf 88' lang='lat' dir='ltr'>Hoc</span> <span class='ocrx_word' id='word_1_171' title='bbox 557 2724 667 2781; x_wconf 89' lang='lat' dir='ltr'>autem</span> <span class='ocrx_word' id='word_1_172' title='bbox 689 2735 727 2781; x_wconf 92' lang='lat' dir='ltr'>eo</span> <span class='ocrx_word' id='word_1_173' title='bbox 748 2713 835 2799; x_wconf 81' lang='lat' dir='ltr'>fecit,</span> <span class='ocrx_word' id='word_1_174' title='bbox 858 2717 1010 2805; x_wconf 84' lang='lat' dir='ltr'>quatinus</span> <span class='ocrx_word' id='word_1_175' title='bbox 1032 2715 1119 2783; x_wconf 91' lang='lat' dir='ltr'>licite</span> <span class='ocrx_word' id='word_1_176' title='bbox 1139 2728 1274 2804; x_wconf 85' lang='lat' dir='ltr'>possent</span> <span class='ocrx_word' id='word_1_177' title='bbox 1294 2718 1366 2805; x_wconf 84' lang='lat' dir='ltr'>regi</span> 
     </span>
     <span class='ocr_line' id='line_1_25' title="bbox 220 2798 1364 2906; baseline 0.003 -39"><span class='ocrx_word' id='word_1_178' title='bbox 220 2801 369 2905; x_wconf 9' lang='lat' dir='ltr'>‘pli-nulfo</span> <span class='ocrx_word' id='word_1_179' title='bbox 398 2800 599 2901; x_wconf 64' lang='lat' dir='ltr'>mustacem,</span> <span class='ocrx_word' id='word_1_180' title='bbox 628 2800 825 2902; x_wconf 79' lang='lat' dir='ltr'>Anscarium</span> <span class='ocrx_word' id='word_1_181' title='bbox 854 2801 889 2866; x_wconf 91' lang='lat' dir='ltr'>in</span> <span class='ocrx_word' id='word_1_182' title='bbox 916 2798 998 2902; x_wconf 73' lang='lat' dir='ltr'>urbe</span> <span class='ocrx_word' id='word_1_183' title='bbox 1027 2823 1093 2867; x_wconf 92' lang='lat' dir='ltr'>non</span> <span class='ocrx_word' id='word_1_184' title='bbox 1121 2823 1203 2868; x_wconf 88' lang='lat' dir='ltr'>esse.</span> <span class='ocrx_word' id='word_1_185' title='bbox 1246 2803 1364 2906; x_wconf 77' lang='lat' dir='ltr'>Itaque</span> 
     </span>
     <span class='ocr_line' id='line_1_26' title="bbox 133 2884 1363 2990; baseline 0.001 -37"><span class='ocrx_word' id='word_1_186' title='bbox 133 2901 138 2909; x_wconf 86' lang='lat'>&#39;</span> <span class='ocrx_word' id='word_1_187' title='bbox 230 2885 456 2954; x_wconf 85' lang='lat' dir='ltr'>rusrurondum</span> <span class='ocrx_word' id='word_1_188' title='bbox 476 2908 537 2952; x_wconf 89' lang='lat' dir='ltr'>rex</span> <span class='ocrx_word' id='word_1_189' title='bbox 556 2884 645 2951; x_wconf 85' lang='lat' dir='ltr'>rstud</span> <span class='ocrx_word' id='word_1_190' title='bbox 659 2895 923 2986; x_wconf 35' lang='lat' dir='ltr'>&#39;accepitqatque</span> <span class='ocrx_word' id='word_1_191' title='bbox 945 2895 1007 2986; x_wconf 69' lang='lat' dir='ltr'>pter·</span> <span class='ocrx_word' id='word_1_192' title='bbox 1025 2885 1114 2973; x_wconf 90' lang='lat' dir='ltr'>quod</span> <span class='ocrx_word' id='word_1_193' title='bbox 1128 2899 1259 2988; x_wconf 78' lang='lat' dir='ltr'>ceperat</span> <span class='ocrx_word' id='word_1_194' title='bbox 1272 2885 1363 2990; x_wconf 68' lang='lat' dir='ltr'>abnt</span> 
     </span>
     <span class='ocr_line' id='line_1_27' title="bbox 45 2970 1364 3156; baseline 0.002 -34"><span class='ocrx_word' id='word_1_195' title='bbox 45 3008 99 3148; x_wconf 61' lang='lat' dir='ltr'>(j</span> <span class='ocrx_word' id='word_1_196' title='bbox 119 2971 636 3156; x_wconf 63' lang='lat' dir='ltr'>-...⁸.c:.....³⁶nitll⁰.3¹t3{{</span> <span class='ocrx_word' id='word_1_197' title='bbox 656 2970 1290 3156; x_wconf 54' lang='lat' dir='ltr'>tilltffebfftfflltltt</span> <span class='ocrx_word' id='word_1_198' title='bbox 1333 2997 1364 3126; x_wconf 71' lang='grc' dir='ltr'>ἐξ</span> 
     </span>
     <span class='ocr_line' id='line_1_28' title="bbox 55 3140 1363 3232; baseline 0.001 -23"><span class='ocrx_word' id='word_1_199' title='bbox 55 3147 66 3158; x_wconf 88' lang='grc'><strong><em>’</em></strong></span> <span class='ocrx_word' id='word_1_200' title='bbox 98 3160 117 3165; x_wconf 82' lang='grc'>”</span> <span class='ocrx_word' id='word_1_201' title='bbox 230 3155 356 3210; x_wconf 88' lang='lat' dir='ltr'>menter</span> <span class='ocrx_word' id='word_1_202' title='bbox 375 3141 513 3224; x_wconf 83' lang='lat' dir='ltr'>affictus,</span> <span class='ocrx_word' id='word_1_203' title='bbox 537 3153 686 3230; x_wconf 81' lang='lat' dir='ltr'>spurtum</span> <span class='ocrx_word' id='word_1_204' title='bbox 708 3140 859 3207; x_wconf 77' lang='lat' dir='ltr'>reddidit.</span> <span class='ocrx_word' id='word_1_205' title='bbox 901 3142 1032 3207; x_wconf 77' lang='lat' dir='ltr'>Fertur·</span> <span class='ocrx_word' id='word_1_206' title='bbox 1040 3152 1158 3225; x_wconf 79' lang='lat' dir='ltr'>autem,</span> <span class='ocrx_word' id='word_1_207' title='bbox 1182 3143 1271 3229; x_wconf 90' lang='lat' dir='ltr'>quod</span> <span class='ocrx_word' id='word_1_208' title='bbox 1292 3166 1363 3232; x_wconf 89' lang='lat' dir='ltr'>pre·</span> 
     </span>
     <span class='ocr_line' id='line_1_29' title="bbox 228 3225 1363 3309; baseline 0.001 -16"><span class='ocrx_word' id='word_1_209' title='bbox 228 3227 287 3294; x_wconf 87' lang='lat' dir='ltr'>fati</span> <span class='ocrx_word' id='word_1_210' title='bbox 319 3248 446 3294; x_wconf 87' lang='lat' dir='ltr'>vermes</span> <span class='ocrx_word' id='word_1_211' title='bbox 478 3227 560 3294; x_wconf 90' lang='lat' dir='ltr'>adeo</span> <span class='ocrx_word' id='word_1_212' title='bbox 593 3227 818 3309; x_wconf 80' lang='lat' dir='ltr'>scaturrirent,</span> <span class='ocrx_word' id='word_1_213' title='bbox 851 3235 889 3291; x_wconf 91' lang='lat' dir='ltr'>ut</span> <span class='ocrx_word' id='word_1_214' title='bbox 920 3225 1016 3292; x_wconf 87' lang='lat' dir='ltr'>nullis</span> <span class='ocrx_word' id='word_1_215' title='bbox 1044 3226 1245 3294; x_wconf 88' lang='lat' dir='ltr'>medicorum</span> <span class='ocrx_word' id='word_1_216' title='bbox 1276 3230 1363 3294; x_wconf 84' lang='lat' dir='ltr'>curia</span> 
     </span>
    </p>
   </div>
   <div class='ocr_carea' id='block_1_3' title="bbox 229 3439 419 3492">
    <p class='ocr_par' dir='ltr' id='par_1_4' title="bbox 229 3439 419 3492">
     <span class='ocr_line' id='line_1_30' title="bbox 229 3439 419 3492; baseline -0.016 -10"><span class='ocrx_word' id='word_1_217' title='bbox 229 3439 253 3492; x_wconf 83' lang='lat' dir='ltr'>a)</span> <span class='ocrx_word' id='word_1_218' title='bbox 270 3439 384 3482; x_wconf 77' lang='lat' dir='ltr'>detlmnnt</span> <span class='ocrx_word' id='word_1_219' title='bbox 400 3440 419 3480; x_wconf 89' lang='lat'>1.</span> 
     </span>
    </p>
   </div>
   <div class='ocr_carea' id='block_1_4' title="bbox 228 3599 1363 4340">
    <p class='ocr_par' dir='ltr' id='par_1_5' title="bbox 228 3599 1363 4340">
     <span class='ocr_line' id='line_1_31' title="bbox 231 3599 1363 3672; baseline 0.003 -19"><span class='ocrx_word' id='word_1_220' title='bbox 231 3600 260 3669; x_wconf 90' lang='lat'>1)</span> <span class='ocrx_word' id='word_1_221' title='bbox 279 3602 341 3655; x_wconf 88' lang='lat' dir='ltr'>Hoc</span> <span class='ocrx_word' id='word_1_222' title='bbox 362 3607 443 3670; x_wconf 89' lang='lat' dir='ltr'>capnt</span> <span class='ocrx_word' id='word_1_223' title='bbox 462 3600 497 3651; x_wconf 88' lang='lat' dir='ltr'>ad</span> <span class='ocrx_word' id='word_1_224' title='bbox 516 3601 682 3667; x_wconf 76' lang='lat' dir='ltr'>Bergomum</span> <span class='ocrx_word' id='word_1_225' title='bbox 702 3605 886 3669; x_wconf 76' lang='lat' dir='ltr'>expugnatum</span> <span class='ocrx_word' id='word_1_226' title='bbox 905 3600 1040 3667; x_wconf 87' lang='lat' dir='ltr'>pertinere</span> <span class='ocrx_word' id='word_1_227' title='bbox 1060 3600 1153 3670; x_wconf 83' lang='lat' dir='ltr'>Lupus</span> <span class='ocrx_word' id='word_1_228' title='bbox 1172 3599 1254 3668; x_wconf 70' lang='grc' dir='ltr'>(θοὰ.</span> <span class='ocrx_word' id='word_1_229' title='bbox 1275 3600 1363 3672; x_wconf 88' lang='lat' dir='ltr'>diplo-</span> 
     </span>
     <span class='ocr_line' id='line_1_32' title="bbox 229 3671 1363 3747; baseline 0 -17"><span class='ocrx_word' id='word_1_230' title='bbox 229 3683 294 3730; x_wconf 87' lang='lat' dir='ltr'>mat.</span> <span class='ocrx_word' id='word_1_231' title='bbox 313 3677 463 3743; x_wconf 79' lang='lat' dir='ltr'>Bergomas</span> <span class='ocrx_word' id='word_1_232' title='bbox 481 3675 504 3739; x_wconf 87' lang='lat'>1,</span> <span class='ocrx_word' id='word_1_233' title='bbox 525 3674 609 3740; x_wconf 73' lang='lat'>102⁷)</span> <span class='ocrx_word' id='word_1_234' title='bbox 628 3681 703 3727; x_wconf 87' lang='lat' dir='ltr'>recte</span> <span class='ocrx_word' id='word_1_235' title='bbox 724 3676 838 3728; x_wconf 89' lang='lat' dir='ltr'>censuit.</span> <span class='ocrx_word' id='word_1_236' title='bbox 901 3671 931 3741; x_wconf 77' lang='grc'>2)</span> <span class='ocrx_word' id='word_1_237' title='bbox 950 3676 1122 3743; x_wconf 83' lang='lat' dir='ltr'>Apenninum</span> <span class='ocrx_word' id='word_1_238' title='bbox 1140 3681 1258 3728; x_wconf 84' lang='lat' dir='ltr'>montem</span> <span class='ocrx_word' id='word_1_239' title='bbox 1276 3686 1363 3747; x_wconf 86' lang='lat' dir='ltr'>&#39;prope</span> 
     </span>
     <span class='ocr_line' id='line_1_33' title="bbox 228 3748 1363 3816; baseline 0 -12"><span class='ocrx_word' id='word_1_240' title='bbox 228 3749 322 3804; x_wconf 85' lang='lat' dir='ltr'>Bardi.</span> <span class='ocrx_word' id='word_1_241' title='bbox 511 3749 541 3816; x_wconf 85' lang='grc'>3)</span> <span class='ocrx_word' id='word_1_242' title='bbox 571 3750 625 3801; x_wconf 84' lang='lat' dir='ltr'>Hic</span> <span class='ocrx_word' id='word_1_243' title='bbox 654 3749 769 3802; x_wconf 70' lang='lat' dir='ltr'>sonasse</span> <span class='ocrx_word' id='word_1_244' title='bbox 799 3753 894 3800; x_wconf 86' lang='lat' dir='ltr'>auctor</span> <span class='ocrx_word' id='word_1_245' title='bbox 930 3757 1023 3801; x_wconf 85' lang='lat' dir='ltr'>noster</span> <span class='ocrx_word' id='word_1_246' title='bbox 1054 3748 1175 3813; x_wconf 85' lang='lat' dir='ltr'>labitur,</span> <span class='ocrx_word' id='word_1_247' title='bbox 1213 3765 1276 3802; x_wconf 90' lang='lat' dir='ltr'>cum</span> <span class='ocrx_word' id='word_1_248' title='bbox 1308 3752 1363 3804; x_wconf 81' lang='lat' dir='ltr'>iam</span> 
     </span>
     <span class='ocr_line' id='line_1_34' title="bbox 229 3823 1362 3892; baseline -0.002 -15"><span class='ocrx_word' id='word_1_249' title='bbox 229 3841 255 3877; x_wconf 95' lang='lat' dir='ltr'>a.</span> <span class='ocrx_word' id='word_1_250' title='bbox 274 3824 328 3875; x_wconf 87' lang='grc'>886</span> <span class='ocrx_word' id='word_1_251' title='bbox 356 3823 400 3875; x_wconf 90' lang='lat' dir='ltr'>die</span> <span class='ocrx_word' id='word_1_252' title='bbox 426 3824 577 3892; x_wconf 85' lang='lat' dir='ltr'>palmarum</span> <span class='ocrx_word' id='word_1_253' title='bbox 604 3823 694 3875; x_wconf 84' lang='lat' dir='ltr'>Ticini</span> <span class='ocrx_word' id='word_1_254' title='bbox 718 3824 819 3876; x_wconf 86' lang='lat' dir='ltr'>seditio</span> <span class='ocrx_word' id='word_1_255' title='bbox 845 3829 904 3875; x_wconf 86' lang='lat' dir='ltr'>orta</span> <span class='ocrx_word' id='word_1_256' title='bbox 930 3824 972 3886; x_wconf 86' lang='lat' dir='ltr'>sit,</span> <span class='ocrx_word' id='word_1_257' title='bbox 997 3824 1031 3875; x_wconf 88' lang='lat' dir='ltr'>cf.</span> <span class='ocrx_word' id='word_1_258' title='bbox 1058 3823 1205 3876; x_wconf 82' lang='lat' dir='ltr'>Annalium</span> <span class='ocrx_word' id='word_1_259' title='bbox 1230 3823 1362 3878; x_wconf 79' lang='lat' dir='ltr'>Fnldene.</span> 
     </span>
     <span class='ocr_line' id='line_1_35' title="bbox 229 3895 1363 3968; baseline 0 -16"><span class='ocrx_word' id='word_1_260' title='bbox 229 3905 334 3968; x_wconf 82' lang='lat' dir='ltr'>partem</span> <span class='ocrx_word' id='word_1_261' title='bbox 351 3899 378 3952; x_wconf 75' lang='lat' dir='ltr'>V</span> <span class='ocrx_word' id='word_1_262' title='bbox 397 3898 433 3949; x_wconf 87' lang='lat' dir='ltr'>ad</span> <span class='ocrx_word' id='word_1_263' title='bbox 452 3899 479 3950; x_wconf 93' lang='lat' dir='ltr'>h.</span> <span class='ocrx_word' id='word_1_264' title='bbox 498 3913 522 3950; x_wconf 89' lang='lat' dir='ltr'>a.</span> <span class='ocrx_word' id='word_1_265' title='bbox 644 3895 675 3965; x_wconf 86' lang='lat'>4)</span> <span class='ocrx_word' id='word_1_266' title='bbox 694 3899 750 3951; x_wconf 87' lang='lat' dir='ltr'>Ubi</span> <span class='ocrx_word' id='word_1_267' title='bbox 768 3897 850 3950; x_wconf 87' lang='lat' dir='ltr'>hodie</span> <span class='ocrx_word' id='word_1_268' title='bbox 875 3897 1018 3950; x_wconf 84' lang='lat' dir='ltr'>castellum</span> <span class='ocrx_word' id='word_1_269' title='bbox 1038 3897 1112 3950; x_wconf 81' lang='lat' dir='ltr'>Bard</span> <span class='ocrx_word' id='word_1_270' title='bbox 1131 3899 1193 3951; x_wconf 82' lang='lat' dir='ltr'>viae</span> <span class='ocrx_word' id='word_1_271' title='bbox 1212 3900 1363 3963; x_wconf 82' lang='lat' dir='ltr'>imminere,</span> 
     </span>
     <span class='ocr_line' id='line_1_36' title="bbox 228 3969 1362 4043; baseline 0.002 -18"><span class='ocrx_word' id='word_1_272' title='bbox 228 3973 367 4042; x_wconf 78' lang='lat' dir='ltr'>Eporedia</span> <span class='ocrx_word' id='word_1_273' title='bbox 399 3972 552 4041; x_wconf 77' lang='lat' dir='ltr'>Angustam</span> <span class='ocrx_word' id='word_1_274' title='bbox 582 3972 697 4026; x_wconf 87' lang='lat' dir='ltr'>tendens</span> <span class='ocrx_word' id='word_1_275' title='bbox 728 3974 830 4041; x_wconf 82' lang='lat' dir='ltr'>aspicis</span> <span class='ocrx_word' id='word_1_276' title='bbox 862 3969 917 4039; x_wconf 79' lang='lat' dir='ltr'>(Of.</span> <span class='ocrx_word' id='word_1_277' title='bbox 948 3970 1052 4024; x_wconf 80' lang='lat' dir='ltr'>Amulli</span> <span class='ocrx_word' id='word_1_278' title='bbox 1084 3972 1169 4025; x_wconf 82' lang='lat' dir='ltr'>Gesta</span> <span class='ocrx_word' id='word_1_279' title='bbox 1200 3972 1362 4043; x_wconf 76' lang='lat' dir='ltr'>archiepisc.</span> 
     </span>
     <span class='ocr_line' id='line_1_37' title="bbox 228 4045 1362 4116; baseline 0.003 -18"><span class='ocrx_word' id='word_1_280' title='bbox 228 4046 341 4099; x_wconf 85' lang='lat' dir='ltr'>Medicl.</span> <span class='ocrx_word' id='word_1_281' title='bbox 360 4047 399 4111; x_wconf 84' lang='lat'>11,</span> <span class='ocrx_word' id='word_1_282' title='bbox 419 4063 443 4098; x_wconf 90' lang='lat' dir='ltr'>c.</span> <span class='ocrx_word' id='word_1_283' title='bbox 464 4046 496 4097; x_wconf 71' lang='lat'>82</span> <span class='ocrx_word' id='word_1_284' title='bbox 521 4048 647 4116; x_wconf 83' lang='lat' dir='ltr'>praecisa</span> <span class='ocrx_word' id='word_1_285' title='bbox 666 4063 732 4100; x_wconf 83' lang='lat' dir='ltr'>saxa</span> <span class='ocrx_word' id='word_1_286' title='bbox 750 4045 970 4116; x_wconf 77' lang='lat' dir='ltr'>inexpugnabilis</span> <span class='ocrx_word' id='word_1_287' title='bbox 983 4045 1059 4115; x_wconf 88' lang='lat' dir='ltr'>opidi</span> <span class='ocrx_word' id='word_1_288' title='bbox 1071 4045 1178 4113; x_wconf 81' lang='lat' dir='ltr'>Bardi).</span> <span class='ocrx_word' id='word_1_289' title='bbox 1207 4047 1263 4101; x_wconf 82' lang='lat' dir='ltr'>Sed</span> <span class='ocrx_word' id='word_1_290' title='bbox 1276 4048 1362 4101; x_wconf 84' lang='lat' dir='ltr'>Lind-</span> 
     </span>
     <span class='ocr_line' id='line_1_38' title="bbox 228 4119 1363 4190; baseline 0.004 -18"><span class='ocrx_word' id='word_1_291' title='bbox 228 4121 362 4190; x_wconf 85' lang='lat' dir='ltr'>prandum</span> <span class='ocrx_word' id='word_1_292' title='bbox 382 4137 416 4174; x_wconf 89' lang='lat' dir='ltr'>ea</span> <span class='ocrx_word' id='word_1_293' title='bbox 435 4137 505 4190; x_wconf 87' lang='lat' dir='ltr'>qnae</span> <span class='ocrx_word' id='word_1_294' title='bbox 518 4121 640 4174; x_wconf 66' lang='lat' dir='ltr'>unales</span> <span class='ocrx_word' id='word_1_295' title='bbox 659 4121 811 4175; x_wconf 80' lang='lat' dir='ltr'>Fuldensea</span> <span class='ocrx_word' id='word_1_296' title='bbox 832 4121 867 4174; x_wconf 94' lang='lat' dir='ltr'>de</span> <span class='ocrx_word' id='word_1_297' title='bbox 886 4122 972 4189; x_wconf 88' lang='lat' dir='ltr'>primo</span> <span class='ocrx_word' id='word_1_298' title='bbox 991 4119 1096 4172; x_wconf 78' lang='lat' dir='ltr'>Amulli</span> <span class='ocrx_word' id='word_1_299' title='bbox 1115 4121 1204 4174; x_wconf 87' lang='lat' dir='ltr'>reditu</span> <span class='ocrx_word' id='word_1_300' title='bbox 1224 4139 1258 4175; x_wconf 86' lang='lat' dir='ltr'>ex</span> <span class='ocrx_word' id='word_1_301' title='bbox 1277 4121 1363 4176; x_wconf 64' lang='lat' dir='ltr'>Italia</span> 
     </span>
     <span class='ocr_line' id='line_1_39' title="bbox 229 4193 1362 4266; baseline 0.004 -19"><span class='ocrx_word' id='word_1_302' title='bbox 229 4203 346 4259; x_wconf 85' lang='lat' dir='ltr'>narrant,</span> <span class='ocrx_word' id='word_1_303' title='bbox 366 4195 446 4248; x_wconf 74' lang='lat' dir='ltr'>elteri</span> <span class='ocrx_word' id='word_1_304' title='bbox 464 4212 606 4264; x_wconf 83' lang='lat' dir='ltr'>perperam</span> <span class='ocrx_word' id='word_1_305' title='bbox 624 4196 750 4260; x_wconf 88' lang='lat' dir='ltr'>tribuere,</span> <span class='ocrx_word' id='word_1_306' title='bbox 769 4203 854 4265; x_wconf 82' lang='lat' dir='ltr'>patet.</span> <span class='ocrx_word' id='word_1_307' title='bbox 912 4193 941 4261; x_wconf 79' lang='grc' dir='ltr'>ὁ)</span> <span class='ocrx_word' id='word_1_308' title='bbox 961 4195 1086 4248; x_wconf 84' lang='lat' dir='ltr'>Widonis</span> <span class='ocrx_word' id='word_1_309' title='bbox 1105 4197 1205 4262; x_wconf 66' lang='lat' dir='ltr'>somus,</span> <span class='ocrx_word' id='word_1_310' title='bbox 1225 4197 1362 4266; x_wconf 81' lang='lat' dir='ltr'>qnondam</span> 
     </span>
     <span class='ocr_line' id='line_1_40' title="bbox 229 4269 1218 4340; baseline 0.001 -18"><span class='ocrx_word' id='word_1_311' title='bbox 229 4270 389 4323; x_wconf 81' lang='lat' dir='ltr'>Oecarensis</span> <span class='ocrx_word' id='word_1_312' title='bbox 407 4273 473 4340; x_wconf 76' lang='lat' dir='ltr'>pagi</span> <span class='ocrx_word' id='word_1_313' title='bbox 492 4270 667 4339; x_wconf 77' lang='lat' dir='ltr'>Burgundiae</span> <span class='ocrx_word' id='word_1_314' title='bbox 687 4287 787 4324; x_wconf 87' lang='lat' dir='ltr'>comes.</span> <span class='ocrx_word' id='word_1_315' title='bbox 864 4271 893 4336; x_wconf 88' lang='lat'>6)</span> <span class='ocrx_word' id='word_1_316' title='bbox 912 4270 981 4322; x_wconf 80' lang='lat' dir='ltr'>Aen.</span> <span class='ocrx_word' id='word_1_317' title='bbox 1000 4270 1049 4334; x_wconf 86' lang='lat' dir='ltr'>XI,</span> <span class='ocrx_word' id='word_1_318' title='bbox 1070 4269 1134 4324; x_wconf 83' lang='grc'><strong>338.</strong></span> <span class='ocrx_word' id='word_1_319' title='bbox 1154 4272 1218 4323; x_wconf 78' lang='lat'>3³9.</span> 
     </span>
    </p>
   </div>
   <div class='ocr_carea' id='block_1_5' title="bbox 0 0 1470 4718">
    <p class='ocr_par' dir='ltr' id='par_1_6' title="bbox 0 0 1470 4718">
     <span class='ocr_line' id='line_1_41' title="bbox 0 0 1470 4718; baseline 0 2"><span class='ocrx_word' id='word_1_320' title='bbox 0 0 1470 4718; x_wconf 95' lang='lat' dir='ltr'> </span> 
     </span>
    </p>
   </div>
  </div>
 </body>
</html>
