2932 4718
341 45 355 79 ⁴·

284 197 519 251 'truncatum
539 196 805 251 ANTAPODOSIS.
843 198 916 250 LIB.
935 198 957 250 1.
999 200 1043 250 11.
1231 199 1247 248 9

108 380 140 434 te
162 389 305 456 operam,
328 388 393 455 quo
415 365 490 432 hinc
512 365 635 433 inlesus
658 387 765 450 exeas,
792 388 892 454 quam
913 367 946 433 id
968 367 1161 455 percontari,
1188 366 1385 435 tibiam-sn.

109 451 310 520 commodius
340 461 398 518 est.
441 451 516 517 Non
538 471 653 539 aeque¹
667 473 743 533 vos,
777 472 812 518 oa
840 461 906 528 εις·
928 456 1004 534 την*
1028 458 1162 539 φιλακην
1194 476 1248 519 και
1256 468 1274 523 ·)
1286 471 1407 514 menes.

110 562 208 605 αυτον
230 561 275 614 εις
296 539 358 604 td*
380 538 649 624 χρυσοτρίκλινον,
671 559 705 602 se
727 539 755 603 is
776 538 824 602 tin
846 535 961 602 filakin
982 535 1027 603 ka
1050 538 1150 604 autbn
1171 539 1276 620 istos
1289 567 1410 610 arcena.

110 621 381 706 chrisotriclinon,
404 633 436 689 te
457 623 493 687 in
514 643 653 703 carcere,
681 631 714 688 et
737 619 826 688 illum
850 622 884 687 in
906 643 1041 688 aureum
1063 621 1249 707 triclinium,

108 708 240 774 fortuna
260 707 357 774 fovet
401 707 508 773 Parva
533 718 608 771 sunt
632 705 722 789 haec,
749 708 901 807 graviora
931 706 1092 773 addantur
1112 707 1251 791 vincula,

108 816 150 859 ne
173 795 214 858 sit
237 793 378 881 spatium
401 790 441 858 de
463 791 659 892 imperatore
681 789 879 858 meditandi.
924 789 1004 858 Oui:
1027 791 1178 877 ‘Desine’,
1203 794 1251 858 in-

110 878 189 966 quit,
214 877 353 960 ‘desine3
375 877 446 964 ipse
469 898 556 941 enrm
572 897 643 941 sum
659 875 728 943 Leo
750 877 928 965 imperator·
949 886 1116 962 augustus,
1140 879 1196 967 qui
1211 877 1252 944 de

109 961 221 1051 palatii
255 962 413 1049 dignitate
444 983 511 1027 nou
544 960 631 1028 bono
655 962 763 1028 omine
789 960 917 1050 prodii'.
967 959 1115 1028 Carceris
1141 974 1251 1031 autem

111 1059 230 1131 custos,
252 1067 397 1135 sperans,
419 1068 486 1113 non
506 1067 585 1114 vera
607 1068 677 1113 esse
700 1067 783 1135 quae
812 1044 954 1116 dixerat:
988 1045 1113 1148 ίΕξςοιΰ,
1135 1048 1252 1136 inquit,

110 1132 286 1199 ‘hominem
301 1134 465 1220 inpruum,
481 1129 568 1197 hona
583 1153 643 1196 sua
652 1153 728 1197 curn
739 1131 962 1199 meretricibus
976 1129 1251 1232 abhgunientem,

110 1218 342 1306 imperatorem
368 1215 532 1282 credam’?
566 1216 730 1298 Quoniam
752 1227 853 1284 temet
872 1226 909 1282 tu
930 1215 1113 1304 neglexisti,
1135 1240 1195 1306 pro
1217 1229 1250 1285 te

111 1325 171 1391 ego
195 1302 361 1391 dispitiam
383 1300 554 1367 mathesin.
597 1301 687 1367 Mars
708 1301 867 1389 trigonus,
891 1300 1066 1367 Saturnus*
1088 1301 1364 1384 Venerem·,‚.sa.

103 1388 251 1476 respicit,
273 1387 423 1488 Iuppiter
445 1385 632 1473 quadratus,
653 1385 836 1452 Mercurius
858 1385 919 1453 tibi
932 1387 1044 1470 iratus,
1068 1385 1125 1453 Sol
1141 1397 1252 1455 rotun·

111 1473 181 1557 dus,
203 1473 299 1540 Luna
319 1495 354 1537 m
376 1469 459 1536 saltu
481 1480 540 1554 est,
561 1469 648 1536 mala
661 1470 808 1536 Fortuna
828 1480 860 1536 te
874 1471 1034 1558 premit’1.
1070 1471 1253 1559 imperator

111 1579 202 1624 vero:
231 1556 305 1640 ‘Ut',
328 1557 444 1655 inquit,
467 1563 556 1621 ‘vera
577 1554 697 1644 probes
719 1578 789 1623 esse
813 1576 895 1647 quae
918 1554 1001 1639 dico,
1024 1555 1102 1622 dum
1124 1559 1271 1625 matuti·.

110 1641 183 1709 nale
207 1640 334 1709 dederit
355 1663 495 1729 signum,
517 1651 592 1708 ante
613 1641 699 1706 enim
721 1662 788 1706 non
813 1641 885 1705 ausi
908 1662 1031 1724 sumus,
1059 1664 1188 1709 mecum
1210 1641 1253 1709 ad

111 1726 271 1815 palatium
296 1727 416 1814 potiori
445 1747 544 1814 quam
572 1746 634 1825 ego
665 1723 889 1792 descenderim
915 1727 1022 1791 omine
1050 1727 1171 1795 venito.
1216 1728 1252 1796 Si

111 1835 164 1878 me
186 1821 224 1878 ut
244 1813 472 1899 imperatorem
501 1832 567 1876 non
595 1811 669 1875 rstic
695 1810 798 1896 recipi
819 1809 957 1892 videris,
984 1811 1134 1879 occidito.
1177 1811 1253 1879 Non

112 1898 247 1964 minoris
269 1897 391 1985 quippe
414 1895 558 1962 criminis
580 1894 650 1976 erit,
672 1917 725 1960 me
746 1895 974 1981 imperatorem
997 1894 1120 1963 dixisse
1141 1897 1254 1965 sinon

113 2005 195 2064 sum,
221 2003 318 2070 quam
340 1979 480 2068 aliquem
509 1979 678 2046 occidisse.
724 1978 760 2046 Si
780 2000 858 2046 vero
885 1988 917 2046 te
945 1977 987 2046 ob
1009 1978 1045 2045 id
1065 1979 1142 2047 mali
1163 1983 1252 2071 quic

113 2088 212 2155 quam
234 2067 304 2167 pati
325 2063 491 2166 formidas,
517 2063 598 2130 haec
618 2063 712 2131 fatiat
732 2062 812 2128 mihi
835 2062 915 2130 deus
938 2063 1071 2131 ethaeo
1092 2064 1202 2168 addat,
1225 2068 1253 2182 si

111 2144 878 2338 iihpiffishmiauffaiuiissdffieffliff
906 2149 1254 2324 {335⁸uiullliiib'

112 2319 250 2403 dixerat,
272 2317 455 2386 matutinali
478 2320 582 2404 signo,
604 2339 679 2384 eum
700 2317 743 2384 ad
764 2317 923 2407 palatium
945 2340 1049 2407 usque
1071 2321 1253 2387 comitatur.

114 2405 263 2494 Cumque
292 2403 407 2472 eodem
434 2405 594 2487 venisset,
621 2401 812 2470 mirabiliter
839 2403 925 2470 sicut
945 2424 965 2467 a
987 2425 1022 2469 se
1042 2403 1254 2472 noscentibus

78 2567 80 2569 .
113 2512 207 2557 susce
231 2499 302 2573 tus,
336 2488 488 2555 comitem
522 2509 618 2553 suurn
652 2489 873 2555 exanimatum
905 2487 1120 2556 admiratione
1152 2489 1253 2555 nimia

112 2574 204 2642 reddi
230 2574 262 2642 ‘t
301 2571 387 2641 Sane
410 2572 488 2638 dum
504 2570 679 2660 dignitates
694 2594 806 2639 omnes
821 2571 899 2638 huic
914 2581 1083 2640 occurrere
1093 2575 1118 2657 l,
1139 2573 1253 2641 laudes

112 2658 258 2742 reddere,
290 2656 438 2741 adorare,
472 2679 586 2724 soccos
615 2656 794 2741 detrahere,
822 2656 886 2723 alia
912 2667 1010 2746 atque
1039 2656 1103 2723 alia
1127 2680 1188 2746 pro
1218 2682 1252 2726 se

114 2743 454 2896 dihqiilicf³⁰iir
461 2740 997 2915 ltttt’ltttbtttttttm
997 2753 1127 2915 litt-¹1⁶
1142 2743 1253 2894 itt

667 2877 674 2892 ·
961 2876 969 2910 r

109 2913 283 2996 mathesin,
306 2925 338 2980 et
359 2911 388 2978 si
407 2934 484 2978 vere
507 2933 572 3000 quo
593 2911 659 2978 buc
681 2913 853 2978 adveneris
869 2913 977 2977 omine
992 2876 1124 2998 dixeris:
1140 2935 1252 2979 veram

113 3009 145 3066 te
167 2995 353 3087 augurandi
368 2997 536 3063 scientiam
552 2993 672 3063 habere
686 2995 853 3085 probabis.
886 2996 981 3062 Prius
995 3007 1106 3062 tamen
1142 3018 1252 3080 uaeso,

136 3084 194 3152 uid
222 3080 330 3149 morbi
359 3083 410 3165 sit,
443 3081 600 3170 proferas,
634 3080 722 3169 quod
749 3090 781 3148 te
810 3090 877 3147 tam
906 3079 1064 3169 pallidum
1153 3080 1252 3148 didit’.

114 3106 193 3237 dui:
228 3168 451 3253 ‘Parcarum’⁰,
479 3165 560 3248 infit,
590 3165 724 3233 ‘obtima
746 3165 898 3234 CLOTO
926 3166 992 3231 iam
1018 3188 1096 3233 nere
1118 3164 1252 3250 desinit;

113 3251 338 3321 LAOHESIS
359 3274 438 3319 vero
460 3253 496 3317 in
516 3250 699 3338 torquendo
727 3248 883 3316 laborare
902 3247 1042 3338 amplius
1062 3272 1130 3316 nou
1152 3251 1253 3339 cupit,

115 3338 283 3406 sevissima
303 3346 413 3403 autem
439 3335 555 3402 harum
577 3334 788 3403 ATROPOS
815 3333 968 3402 articulos
993 3336 1060 3400 iam
1085 3336 1121 3401 in
1143 3333 1253 3401 condi·

114 3422 200 3490 lum²
222 3421 345 3488 solarn‘l
367 3421 498 3509 imperii
518 3421 567 3488 tui
589 3421 781 3488 sententiam
807 3428 968 3506 expectat,
994 3429 1032 3485 ut
1052 3417 1107 3487 fila
1129 3429 1252 3486 contra

115 3506 194 3576 hans
208 3515 349 3594 rumpat
385 3504 580 3572 Palliditatis
594 3517 704 3572 autem
718 3503 827 3571 vultus
841 3505 907 3570 mei
922 3514 1095 3585 causaest,
1110 3505 1252 3570 animam

115 3613 136 3658 a
156 3594 277 3681 capite·
287 3590 504 3672 descendisse,
525 3611 701 3678 secumque
718 3590 754 3654 in
767 3588 952 3656 inferiorem
967 3590 1112 3678 corporis
1127 3597 1253 3676 partem

117 3820 140 3875 a)
153 3834 174 3868 ss
189 3825 210 3864 1.
291 3818 317 3872 b)
334 3829 431 3862 occurre
448 3823 468 3861 1.
545 3818 567 3872 e)
583 3828 764 3871 parearoarcrn
781 3819 801 3858 t.
817 3817 944 3860 taum
958 3818 1030 3860 unas.
1106 3815 1130 3870 d)
1147 3817 1253 3860 moult·

116 3884 161 3925 tam
177 3882 326 3926 inconditum
342 3880 416 3941 sotem
432 3880 452 3922 t.
468 3879 510 3923 ta

121 4060 147 4129 1)
165 4061 366 4130 Mars-premit
385 4075 419 4112 ex
440 4058 592 4123 comoedia,
612 4072 683 4126 quae
703 4056 837 4120 Querulus
856 4056 1014 4109 inscribitur
1031 4071 1058 4123 p.
1079 4055 1124 4120 st,
1145 4054 1253 4105 10-1a

119 4136 161 4188 ad.
179 4137 278 4204 Peiper
296 4135 432 4204 repetivit.
536 4133 566 4201 2)
585 4134 604 4185 i.
624 4147 648 4183 e.
668 4130 798 4185 articulos
817 4128 919 4185 forficis
938 4131 993 4181 iarn
1006 4131 1034 4181 in
1048 4144 1129 4181 manu
1143 4134 1255 4181 curvata

118 4204 271 4279 (sarem)
290 4215 397 4263 anons.
