2932 4718
197 422 249 468 010.

259 235 296 286 44
407 232 640 289 LIUDPRANDI
657 233 923 290 ANTAPODOSIS.
961 235 1035 288 LIB.
1054 234 1093 288 Π.
1131 235 1250 287 46-47.

259 403 383 473 toribus
410 406 556 494 augustis
582 403 748 472 bominem
776 403 988 489 exeuntibus,
1021 404 1200 489 Romanos,
1234 412 1271 469 ut
1300 402 1398 470 latius

260 490 377 558 dicturi
398 503 543 575 sumus²,
572 512 647 557 cum
670 487 894 574 Comtantino,
925 491 982 579 qui
1003 511 1091 556 nunc
1112 511 1217 578 usque
1238 498 1397 578 superest,

259 574 378 644 Leonis
406 578 450 643 im
475 577 610 645 aratoris
638 574 721 662 filio,
750 574 1145 665 Constantinopolitanum
1174 574 1310 664 regebat
1338 573 1398 640 im·

259 662 399 764 perium·
458 672 472 728 t
493 662 579 728 sicut
598 661 669 728 fieri
690 660 825 745 adsolet,
846 663 962 751 primo,
986 684 1051 751 quo
1065 661 1232 728 Romanos
1254 661 1399 748 suscepit

146 790 151 801 ·
258 768 446 837 imperium,
474 768 575 831 anno,
608 745 782 815 nonnullae
802 749 833 816 ei
853 757 982 836 gentes,
1000 748 1180 836 ,presertim
1202 743 1399 831 ἀνατολικαί,

133 2459 248 2528 retas.

96 2533 107 2574 1
120 2533 183 2576 rim.
192 2535 214 2589 s,
224 2537 247 2578 a.

173 2912 177 2920 1
258 2899 318 2967 per
346 2879 513 2966 sanguinis
543 2881 595 2945 sni
624 2878 836 2946 effusioneml
863 2901 959 2946 verus
989 2877 1086 2944 homo
1114 2901 1288 2980 versisque·

112 3243 154 3286 Pa.
171 3243 207 3295 15,
225 3244 247 3284 2.

259 831 433 917 anatolike,
454 830 490 898 id
511 842 561 901 est
582 832 763 917 orientales,
783 833 874 900 nisae
898 843 975 899 sunt
986 831 1153 900 rebellare.
1196 832 1335 900 Factum
1349 842 1401 900 est

259 928 380 1002 autem,
402 918 481 985 dum
501 919 680 1020 imperator
700 919 881 985 exercitum
902 917 946 984 ad
960 916 1197 1006 expugnandas
1219 939 1274 986 eas
1295 927 1399 986 truns-
1411 962 1428 980 s

260 1003 412 1087 mitteret,
433 1002 611 1093 Appulram
633 1014 666 1071 et
680 1001 875 1087 Calabriam,
896 1002 990 1069 binas
1003 1025 1039 1070 re
1065 1003 1154 1070 'ones
1177 1025 1261 1092 quae
1275 1004 1307 1070 ei
1319 1013 1400 1070 tunc

260 1089 415 1177 temporis
442 1088 640 1173 serviebant,
668 1089 768 1154 huie·
793 1086 976 1156 rebellasse.
1058 1110 1181 1175 umque
1209 1088 1397 1177 imperator,

260 1174 413 1240 maximis
434 1175 591 1241 orientem
612 1196 725 1240 versus
747 1173 850 1261 copiis
871 1172 1018 1257 direcfis,
1047 1174 1210 1241 exercitus
1231 1172 1297 1239 huc
1317 1172 1400 1240 mul·

260 1258 433 1326 titudinem
462 1259 625 1326 destinare
651 1280 718 1326 non
745 1269 871 1347 posset,
898 1259 1028 1346 rogavit
1055 1259 1176 1359 primo,
1207 1270 1246 1326 ut
1272 1255 1317 1325 ad
1346 1258 1399 1326 sui

259 1342 455 1411 fidelitatem·
471 1345 641 1434 pristinam
668 1355 784 1433 sponte
812 1344 964 1412 redirent·
1007 1343 1073 1428 Qu
1103 1365 1178 1410 cum
1199 1353 1399 1429 recusarent,

259 1439 359 1518 atque
385 1427 447 1494 hoc
474 1452 510 1496 se
538 1429 680 1496 facunos
701 1429 835 1496 minime
857 1429 1010 1514 dicerent,
1040 1428 1083 1496 ad
1104 1428 1297 1496 Afficanum
1318 1451 1399 1496 mox

259 1515 631 1667 blattaria?
647 1513 918 1668 &aaran
936 1514 1288 1690 wuldffillb‘iffll
1303 1517 1398 1668 lii?

259 1685 366 1753 briam
387 1649 516 1752 subdat.
594 1707 633 1750 ac
654 1684 815 1772 legatione
830 1707 889 1751 rex
966 1685 1076 1750 'canus
1096 1684 1229 1771 accitus,
1251 1686 1398 1753 innume·

259 1769 378 1837 nabiles
410 1768 535 1837 ratibus
569 1770 679 1859 copias
712 1771 746 1835 in
776 1769 960 1837 Calabriam
989 1768 1233 1871 Appuliamque
1266 1769 1397 1856 direirit,

139 1864 145 1870 ’
259 1853 419 2006 binasqge
450 1855 509 1921 has
540 1857 689 1944 regiones
721 1855 926 1944 imperatoris
960 1854 1141 1922 dommatur
1172 1856 1397 1957 potentissime

146 1955 249 2011 'pstea

259 1938 356 2006 subdi
391 1950 414 2007 t.
459 1939 527 2007 Sed
549 1940 626 2007 dum
648 1962 804 2029 processu
831 1941 986 2042 temporis
1012 1939 1071 2006 has
1093 1944 1263 2027 *regiones
1290 1941 1397 2008 dimit

259 2037 373 2110 terent,
403 2025 542 2092 Romam
570 2048 684 2093 versus
706 2027 810 2093 aciem
831 2036 1033 2113 giraverunt,
1060 2035 1269 2114 montemque
1296 2025 1397 2094 Gare-

258 2109 382 2212 lianum
404 2111 548 2212 maxima
572 2133 636 2212 pro
665 2113 800 2179 tuitione
828 2110 893 2177 sibi
914 2109 1184 2212 vendicaverunt,
1211 2109 1397 2202 multasque
1427 2192 1432 2199 ,

258 2206 493 2264 mumtrssrmas
517 2197 664 2264 civitates
687 2194 886 2263 debellantes
908 2220 942 2262 vr
964 2205 1128 2347 eeffirmt.

344 2283 397 2350 46.
430 2280 592 2348 Dominus
613 2303 691 2349 vero
712 2293 823 2349 noster
849 2279 993 2348 IesusC
1062 2291 1125 2365 tus,
1153 2290 1343 2349 coaeternus
1365 2291 1400 2349 et

259 2366 544 2456 consupstantialis
572 2369 657 2456 patri
679 2378 857 2467 sanctoque
879 2366 1022 2454 spiritui,
1053 2367 1146 2434 cuius
1175 2367 1400 2435 misericordia

258 2451 356 2540 plena
369 2463 425 2520 'est
446 2462 541 2536 terra,
563 2453 621 2541 qui
641 2453 806 2520 neminem
827 2452 994 2519 hominum
1014 2451 1085 2518 vult
1106 2453 1222 2541 perire,
1250 2451 1309 2519 sed
1331 2473 1398 2519 om·

257 2559 316 2604 nes
338 2536 444 2604 salvos
466 2537 537 2604 fieri
559 2549 592 2605 et
613 2538 656 2605 ad
677 2539 875 2626 agnitionem
898 2538 1043 2605 veritatis
1063 2539 1185 2622 venire,
1212 2560 1254 2604 ne
1274 2549 1397 2628 penem,

259 2621 348 2711 quod
375 2621 464 2688 solus
493 2621 574 2690 deus
602 2633 676 2690 ante
697 2622 810 2689 mundi
832 2623 1094 2691 constitutionem
1120 2622 1270 2711 previdit,
1299 2632 1397 2714 atque

281 2718 333 2774 ost
360 2729 490 2775 omnem
519 2718 715 2792 creaturam,
749 2710 844 2797 quasi
865 2708 1032 2775 dominum
1055 2709 1169 2776 ceteris
1190 2719 1335 2776 utentem
1357 2731 1397 2776 ac
1443 2712 1445 2716 ‘

257 2730 479 2859 dominantem
514 2795 637 2860 creavit
663 2792 840 2877 bominem,
869 2815 1030 2883 quemque
1059 2795 1095 2859 in
1120 2793 1218 2860 finem
1239 2798 1396 2946 temgoris

1328 2903 1385 2947 eus

257 2984 323 3028 non
357 2963 422 3029 duo
455 2963 513 3030 sed
545 2986 639 3047 unus,
671 2963 818 3047 redemit,
850 2962 892 3029 ad
921 2984 1066 3028 amorem
1094 2965 1146 3029 sui
1177 2984 1330 3052 propnae
1354 2930 1397 3032 ud

258 3049 362 3136 patrie
379 3047 585 3116 dilectionem
601 3048 760 3137 quosdam
775 3047 941 3115 beneficiis
963 3049 1088 3131 invitat,
1115 3049 1292 3117 terroribus
1359 3072 1396 3118 os

258 3132 434 3222 compellit,
456 3156 529 3199 non.
544 3156 609 3222 quo
632 3132 705 3217 sibi,
729 3134 784 3221 qui
799 3156 860 3201 nec
875 3145 1086 3220 augmentum
1108 3131 1253 3201 bonitate
1275 3148 1395 3222 nostra,

259 3230 296 3284 ut
318 3217 477 3307 propheta
499 3230 635 3286 testatur
650 3217 779 3285 dicens:
802 3220 966 3306 ‘quoniam
981 3218 1140 3285 bonorum
1162 3241 1309 3286 meorum
1330 3242 1396 3287 non

258 3304 354 3391 eges’,
376 3325 436 3370 nec
458 3302 687 3371 detrimentum
709 3303 832 3370 malitia
854 3316 1000 3370 sumere⁰
1022 3305 1136 3392 possit,
1162 3304 1221 3371 sed
1243 3315 1280 3371 ut
1301 3305 1395 3372 nobis

258 3389 370 3476 prosit.
413 3387 542 3455 Placuit
562 3390 672 3490 itaque
687 3390 727 3473 ei,
749 3390 825 3476 quia
839 3386 1005 3455 beneficiis
1021 3387 1193 3473 noluimus,
1207 3390 1396 3457 huiusmodi

257 3495 317 3539 nos
340 3473 383 3539 ad
403 3484 531 3562 tempus
547 3485 706 3560 castigare
720 3472 907 3540 terroribus.
952 3473 1018 3539 Sed
1039 3495 1081 3540 ne
1097 3472 1250 3541 Saraceni
1272 3474 1395 3542 diutius

258 3557 449 3625 insultarent
470 3569 502 3625 et
524 3558 682 3625 dicerent:
706 3557 784 3625 ‘Ubi
806 3568 854 3624 est
876 3557 957 3623 deus
972 3558 1113 3625 eorum?
1136 3560 1294 3626 convertit
1314 3561 1395 3628 deus

158 3684 165 3695 ‚
259 3643 358 3710 corda
391 3642 629 3726 christicolum,
665 3642 748 3709 adeo
779 3652 816 3709 ut
848 3642 987 3731 amplior
1018 3644 1057 3710 iis
1090 3644 1259 3733 pugnandi
1295 3667 1394 3734 quam

189 3841 245 3897 (la)

118 3904 246 3946 err-sas.

257 3727 405 3818 firgiendi
425 3730 516 3816 prius
539 3741 624 3795 esset
645 3727 775 3816 cupido.

341 3816 394 3882 47.
429 3813 502 3896 ero
531 3825 677 3902 tempore
710 3813 914 3881 venerandae
941 3813 1087 3880 Romane
1115 3813 1200 3881 sedis
1229 3837 1394 3882 summum

257 3897 419 3966 Iohannes
435 3899 605 3965 Ravennae
620 3899 845 3987 pontificatum
860 3898 1001 3966 tenebat.
1035 3900 1099 3966 Hic
1121 3910 1229 3966 autern
1251 3909 1317 3966 tam
1339 3924 1393 3968 ne·

257 3983 338 4050 fario
360 3983 481 4051 scelere
503 3985 687 4050 contraius
708 3984 822 4073 fasque
845 3984 1004 4073 pontificii
1019 3983 1149 4051 culmen
1175 3984 1221 4051 ita
1242 3985 1392 4054 obtinuit.

256 4112 280 4163 a)
296 4114 410 4164 sementia
425 4125 493 4165 usqne
508 4114 687 4156 interfectorum
703 4117 792 4163 amarer
808 4125 857 4164 rep.
874 4113 902 4156 66
919 4114 997 4154 dream
1013 4114 1037 4154 ia
1053 4112 1160 4153 εοάίιίῠω
1175 4112 1197 4155 t.
1246 4134 1249 4142 ·
1295 4113 1321 4167 b)
1336 4113 1392 4158 effu·

256 4173 322 4214 sione
340 4175 361 4215 1.
422 4173 443 4226 c)
460 4180 551 4216 sumere
568 4176 588 4216 1.

258 4269 287 4336 1)
308 4270 350 4323 cf.
371 4271 440 4323 infra
458 4269 501 4323 111
522 4286 545 4323 c.
566 4270 611 4323 25.
