2932 4718
290 249 525 303 LIUDPBANDI
543 248 811 304 ANTAPODOSIS.
848 249 921 303 ma.
942 251 979 303 11.
1018 249 1064 302 48.
1215 251 1250 302 45

194 421 247 486 48.
282 419 454 487 Theodora
486 431 630 486 scortum
663 419 840 508 inpudens,
881 420 977 486 huius
1014 419 1160 486 Alberici
1194 421 1250 509 qui

109 528 214 594 nuper
239 503 404 572 hominem
434 506 533 571 exiit¹
564 507 655 590 avia,
685 505 774 606 quod
803 506 893 573 dictu
920 506 1017 572 etiam
1047 504 1250 572 fedissimum

110 601 176 674 est,
202 589 350 657 Romane
381 591 522 657 civitatis
549 614 616 657 non
637 589 807 658 inviriliter
828 589 1049 657 monarchiam
1072 589 1250 658 obtinebat

110 678 202 760 Quae
226 675 307 741 duas
331 676 445 742 habuit
465 686 593 760 natas¹,
624 677 796 743 Marotiam
818 687 917 765 atque
939 675 1157 760 Theodoram,
1187 676 1251 742 sibi

108 783 174 827 non
196 759 301 826 solum
324 758 497 850 coequales
518 783 632 827 verum
655 763 752 828 etiam
768 762 906 828 Veneris
921 762 1097 829 exercitio⁸
1143 784 1250 850 romp-

109 847 218 913 tiores.
262 846 391 912 Harum
406 847 545 912 Marotia
567 870 609 913 ex
631 869 718 936 papa
734 846 859 935 Sergio,
883 848 977 913 cuius
992 869 1092 934 snpra
1112 785 1250 913 dicimus

110 932 318 1016 mentionem,
340 931 529 1016 Iohannem,
553 933 609 1020 qui
631 944 707 1021 post
727 932 881 999 Iohannis
903 933 1102 998 Ravennatis
1124 932 1250 1000 obitum
1261 943 1387 987 981485-

109 1016 275 1084 Romanae
303 1017 459 1084 aecclesie
481 1018 622 1085 obtinuit
643 1017 845 1105 digrritatem,
874 1017 997 1084 nefario
1026 1019 1140 1104 genuit
1159 1017 1250 1083 adul·

109 1104 205 1185 terio,
236 1125 279 1169 ex
299 1101 453 1170 Alberico
480 1115 590 1170 antem
615 1102 802 1171 marchione
822 1103 1023 1188 Albericnm,
1054 1104 1112 1191 qui
1139 1115 1257 1169 nostro

109 1200 185 1276 post
205 1200 270 1255 tem
297 1209 352 1255 ore
374 1188 520 1255 ciusdem
541 1188 688 1256 Romane
711 1188 801 1256 urbis
823 1191 1044 1278 principatum
1073 1189 1136 1256 sibi
1157 1192 1251 1254 usur·

132 1274 210 1339 avit
283 1296 318 1340 er
339 1273 427 1340 idem
448 1286 578 1362 tempus
593 1274 783 1342 Ravennate
806 1274 901 1358 sedis,
924 1273 1087 1342 secundus
1104 1275 1161 1363 qui
1176 1283 1252 1362 post

110 1295 295 1427 Romanum
316 1358 506 1426 archierean
520 1357 795 1447 archipresulatus
817 1357 1009 1442 habebatur,
1031 1360 1148 1427 Petrus
1171 1381 1250 1448 pon·
1346 1383 1351 1389 ·

109 1443 269 1511 tificatum
289 1441 426 1532 regebat
436 1454 458 1508 ³.
504 1443 570 1526 Qui
591 1444 672 1511 dnm
687 1443 899 1512 subiectionis
915 1444 1018 1511 offitio
1041 1443 1169 1512 debitae
1184 1445 1251 1510 iam

109 1531 313 1596 nominatum
342 1528 520 1595 Iohannem
549 1551 684 1618 papam,
718 1532 774 1619 qui
808 1552 887 1597 suae
917 1531 1064 1597 minister·
1095 1528 1250 1596 ecclesiae

109 1626 186 1681 tunc
218 1615 374 1702 temporis
396 1612 595 1700 habebatur,
624 1614 764 1682 Romam
793 1617 903 1703 sepius
931 1627 964 1682 et
990 1616 1108 1682 iterum
1131 1614 1251 1680 domno

111 1699 265 1786 dirigeret
293 1721 313 1763 a
338 1699 488 1784 catolico,
511 1699 692 1785 Theodora,
720 1712 757 1767 nt
785 1711 923 1767 testatus
956 1701 1065 1784 sumi,
1097 1702 1252 1767 meretrix

111 1786 188 1852 satis
202 1787 295 1873 impu
320 1786 495 1870 entissime,
517 1786 654 1852 Veneris
669 1785 776 1853 calore
791 1807 958 1868 succensa,
975 1786 1009 1851 in
1024 1785 1122 1851 huius
1137 1787 1252 1874 spetiei

112 1870 263 1938 decorem
283 1870 492 1938 vehementer
513 1875 665 1955 exarsit0,
688 1893 789 1960 seque
811 1870 899 1937 hnnc
914 1870 1050 1938 scortari
1065 1870 1170 1936 solum
1184 1893 1252 1938 non

111 1956 223 2039 voluit,
252 1978 367 2022 verum
397 1967 473 2044 post
501 1957 599 2022 etiam
623 1967 723 2046 atque
745 1957 843 2023 etiam
866 1955 1032 2045 compulit.
1076 1955 1150 2022 Hec
1172 1956 1252 2022 dnm

110 2040 307 2131 inpudenter
326 2054 478 2143 agurium,
500 2040 716 2109 Bononiensis
736 2041 894 2109 aeclesiae
909 2042 1083 2131 episcopus
1104 2043 1251 2126 moritur,

112 2140 144 2194 et
163 2126 328 2194 Iohannes
350 2137 412 2194 rste
433 2127 505 2193 loco
527 2129 597 2194 eins
619 2127 759 2216 eligitur.
803 2126 907 2194 Panlo
929 2138 1025 2216 post⁴
1053 2137 1129 2194 ante
1154 2127 1252 2194 huius
1308 2167 1320 2176 ·
1390 2138 1395 2150 '

113 2213 198 2280 diem
221 2212 474 2279 consecrationis
495 2215 680 2280 nominatus
698 2213 870 2279 Ravenuas
891 2210 1092 2300 archipresul
1113 2223 1252 2279 mortem

77 2303 80 2307 ’
114 2298 203 2383 obiit,
224 2296 333 2363 locum
357 2321 398 2365 ue
421 2299 491 2364 eius
500 2298 662 2366 Iohannes
684 2297 748 2378 hic,
769 2298 941 2366 Theodora
962 2299 1129 2381 instinctu,
1151 2299 1254 2386 priori
1340 2320 1342 2325 ’

111 2383 317 2451 Bononiense
335 2320 469 2450 deserta
490 2383 636 2467 aeclesia,
658 2384 845 2452 ambitionis
867 2385 985 2473 spiritu
1005 2381 1146 2467 inflatus,
1177 2404 1252 2449 con-

113 2479 161 2536 tra
201 2480 389 2536 sanctorum
424 2468 572 2536 instituta
596 2479 737 2621 lpptrnrn
774 2467 837 2535 eibi
872 2469 1054 2557 usurpavit.
1112 2468 1252 2534 Romam

115 2555 237 2644 quippe
265 2552 460 2639 adveniens,
488 2577 569 2623 mox
646 2568 809 2622 vennatae
839 2554 974 2622 eclesiae
996 2553 1165 2621 ordinatur
1186 2553 1252 2642 epi-

112 2662 241 2730 scopus.
274 2639 406 2706 Modica
419 2661 498 2706 vero
519 2641 676 2729 temporis
691 2643 815 2707 interca
838 2639 942 2724 edine,
965 2638 1026 2707 deo
1047 2650 1197 2722 vocante,
1220 2649 1252 2705 et

114 2728 267 2815 quicum
289 2725 408 2791 iniuste
431 2725 639 2793 ordinaverat
659 2747 747 2815 papa
761 2725 802 2792 de
863 2735 935 2792 ctus
957 2736 1016 2792 est
1059 2723 1251 2790 Theodorae

112 2821 220 2878 antem
243 2809 397 2897 glycerii⁵
426 2833 518 2878 mens
547 2833 718 2900 perversa,
748 2835 789 2878 ne
815 2811 931 2877 amasii
960 2811 1011 2876 sui
1038 2809 1252 2876 ducentorum

113 2896 326 2962 miliariorum
336 2896 592 2984 interpositione,
606 2893 726 2986 quibus
737 2897 894 2963 Ravenna
905 2905 1126 2985 sequestratur
1137 2894 1251 2978 Roma,

113 2983 279 3048 rarissimo
301 2981 481 3049 concubitu
501 2984 668 3070 potiretur,
689 2982 857 3049 Ravenate
878 2981 967 3048 hunc
989 2980 1074 3049 sedis
1091 2979 1252 3069 archipre-

112 3067 252 3134 sulatum
274 3068 383 3154 coegit
404 3066 563 3151 dcserere,
584 3067 844 3156 Romanumque,
871 3088 930 3155 pro
958 3065 1059 3149 nefas,
1089 3088 1252 3132 summurn

112 3259 136 3314 a)
152 3262 267 3304 “umido
283 3263 306 3302 1.
368 3260 392 3313 b)
409 3265 509 3302 testatur
523 3272 566 3303 sua
583 3263 625 3304 ba.
642 3265 741 3302 testatur
755 3262 807 3302 nita
821 3259 876 3303 δι’.
938 3258 961 3311 c)
976 3261 1078 3302 exarsctt
1095 3262 1116 3303 1.

117 3393 147 3463 1)
165 3412 193 3449 u.
213 3393 278 3446 9⁶4.
354 3394 385 3462 2)
404 3395 491 3449 Filias
510 3395 710 3465 Theophylacti
730 3395 850 3448 consulis
871 3400 899 3447 et
918 3395 1059 3449 senatoris.
1135 3393 1164 3461 8)
1178 3393 1253 3453 Inter

113 3469 335 3538 archiepiscopos
359 3470 533 3523 Ravennates
558 3470 638 3523 huius
660 3471 790 3538 temporis
815 3470 911 3522 Petrus
935 3484 990 3522 non
1015 3469 1146 3533 occurrit,
1168 3469 1252 3520 immo

114 3543 173 3597 sedi
192 3543 360 3596 Bononiensi
377 3545 504 3612 praefuit.
544 3543 586 3598 ci.
606 3543 776 3597 Insectiranr
795 3547 825 3596 in
842 3545 958 3597 Romam
977 3541 1076 3606 (Gesta
1090 3542 1252 3609 Bersngarii

113 3617 157 3670 ed.
175 3615 458 3687 Dumnlerp.1oa):
477 3619 559 3672 Kailo
578 3635 643 3685 vcro
663 3619 884 3687 archiepiscopus
903 3617 955 3682 (sc.
973 3615 1131 3683 Ravennas)
1144 3617 1252 3669 Petrum

114 3691 318 3746 Bononiensem
343 3693 501 3762 episcopum
526 3695 707 3748 consecravit.
743 3693 840 3746 Petrus
865 3698 956 3745 antem
980 3691 1161 3745 Bononiensis
1181 3690 1252 3760 epis·

115 3782 199 3836 copus
216 3767 343 3820 Kailonis
359 3768 560 3837 archiepiscopi
578 3767 775 3835 subfraganeus
795 3767 944 3820 Iohannem
964 3802 972 3818 .
992 3803 999 3818 .
1021 3801 1029 3819 .
1047 3781 1097 3836 per
1114 3779 1252 3818 sacrorum

115 3841 239 3894 ordinum
272 3855 402 3895 ascensus
432 3842 469 3893 ed
498 3841 642 3895 diaconam
676 3843 856 3895 consecravit.
904 3841 1042 3894 Defuncto
1074 3854 1139 3892 vero
1170 3838 1252 3891 Petro

114 3915 187 3969 idem
219 3915 357 3970 Iohannes
388 3917 590 3969 Bononiensem
623 3915 770 3968 ecclesiam
802 3915 879 3984 (tunc
909 3911 1112 3982 Rarmnatem)
1142 3913 1252 3966 virente

115 3989 231 4044 Kailons
256 3990 462 4060 archiepiscopo
492 3998 587 4043 contra
611 4005 719 4042 omnem
746 4005 880 4042 canonum
905 3991 1094 4042 anctoritatem
1120 3986 1252 4040 invadere

115 4066 298 4134 presumpsit.
312 4101 321 4118 .
334 4101 358 4132 .,
375 4081 431 4135 qna
449 4064 546 4119 relicta
564 4071 687 4118 sanctam
700 4065 852 4118 Romanam
872 4069 900 4117 et
911 4062 1092 4131 apostolicam
1106 4061 1253 4114 ecclesiam

116 4139 225 4192 nefariis
253 4140 364 4194 ausibus
393 4142 542 4209 usurpavit.
636 4137 667 4208 4)
686 4138 822 4193 Iohannes
851 4137 1071 4206 archiepiscopus
1095 4137 1124 4188 in
1151 4135 1253 4189 chartis

116 4212 320 4268 Ravennatibus
345 4233 371 4267 a.
391 4215 446 4265 906
466 4214 519 4268 Iul.
541 4215 585 4268 lb.
611 4219 638 4266 et
663 4213 716 4264 911
746 4213 820 4282 Sept.
839 4215 867 4266 4.
893 4213 1011 4265 occurrit
1036 4209 1109 4278 apud
1134 4210 1251 4263 Fantna-

115 4288 183 4342 ainm
203 4287 237 4341 Τ.
256 4287 280 4339 1.
356 4286 387 4356 b)
406 4289 469 4342 Hoc
488 4305 587 4342 nomen
608 4304 642 4341 ex
660 4288 781 4341 Terentii
800 4288 904 4341 Andria
925 4286 1100 4355 deprompsit.
