2932 4718
320 218 553 272 LIUDPRANDI
572 217 748 273 HISTORIA
769 216 937 274 orreum.
978 219 1096 274 ls-aa.
1224 222 1276 275 185

141 400 174 456 et
194 386 411 456 universalem
457 411 553 476 epam
575 410 595 454 a
617 389 678 455 deo
701 400 734 455 et
754 388 834 475 ipsis
857 386 1005 472 electum,
1032 389 1215 480 perderent,
1244 404 1339 464 stau.

141 474 318 541 Iohannem
340 475 374 539 in
396 412 511 540 urbem
534 475 745 563 susciperent.
789 473 888 557 Quod
910 496 985 540 cum
997 475 1158 559 fecissent,
1180 477 1276 545 mise·

138 573 230 627 rante
241 559 313 643 deo,
329 582 371 626 ex
382 580 494 626 eorum
506 558 656 626 manibus
668 570 717 627 est
726 557 920 626 venerabilis
931 581 1018 649 papa
1027 559 1095 628 Leo
1109 558 1275 647 liberatus,

140 648 318 734 paucisque
341 667 451 711 secum
481 642 721 729 comitantibus,
748 642 801 710 ad·
817 644 955 733 piissimi
978 643 1107 714 Ottonis
1136 647 1274 736 impera-

140 731 217 797 toris
239 730 496 797 misericordiam
518 741 568 797 est
587 730 761 819 profectus

223 835 291 901 *19.
323 833 505 922 Imperator
526 834 667 924 denique
689 843 831 917 sanctus,
863 844 989 901 tanturn
1023 834 1165 904 dedecus
1284 859 1388 914 ’μαι

138 920 254 1005 ferens,
284 941 360 984 cum
389 941 431 986 ex
459 919 570 986 domni
592 942 697 1009 papae
718 919 838 987 Leonis
864 920 1031 1004 eiectione,
1060 931 1131 987 tum
1159 944 1201 989 ex
1241 944 1274 988 o·

138 1004 244 1073 hanne
267 1002 423 1072 cardinali
437 1003 585 1089 diacone,
607 1019 641 1073 et
653 1006 767 1072 Azone
781 1005 961 1086 scriniario,
984 1027 1123 1107 quonam
1136 1006 1274 1074 alterum

137 1112 238 1156 manu
275 1090 422 1173 dextera,
458 1089 596 1157 alterum
627 1089 740 1178 lingua
771 1090 900 1158 duobus
933 1089 1045 1180 digitis
1076 1089 1276 1194 naribusque

138 1177 285 1259 abscisis,
307 1176 467 1242 Iohannes
489 1175 659 1243 abdicatus
682 1175 918 1258 defedaveran,
944 1185 1095 1265 reparato
1117 1189 1274 1261 mereim,

137 1260 296 1328 Romam⁸
318 1261 424 1328 redire
446 1260 616 1349 disposuit
664 1261 760 1328 Prius
782 1272 891 1328 tamen
913 1283 1012 1351 quam
1035 1264 1139 1330 sancti
1166 1272 1276 1331 essent

137 1348 343 1438 imperatoris
366 1346 478 1434 copiae
501 1357 727 1448 congregatae,
752 1345 865 1414 volens
891 1348 1017 1414 cunctis
1038 1346 1155 1416 seculis
1183 1350 1276 1416 inno

138 1444 263 1502 tescere
293 1432 457 1515 dominus,
498 1453 597 1520 quarn
626 1442 710 1499 ruste
739 1441 826 1499 esset
853 1431 1014 1500 Iohannes
1044 1455 1134 1523 papa
1159 1455 1180 1498 a
1208 1433 1275 1500 suis

138 1520 301 1607 episcopis
329 1526 362 1584 et
389 1517 477 1582 omni
505 1514 600 1605 plebe
626 1516 847 1605 repudiatus²,
895 1538 1037 1606 namque
1066 1519 1276 1607 postmodum

138 1604 257 1671 iniuste
279 1614 440 1690 receptus,
462 1601 605 1690 quadam
626 1614 722 1669 nocte
748 1614 841 1670 extra
912 1624 1010 1687 mam,
1040 1602 1119 1669 durn
1141 1626 1176 1670 se
1197 1626 1274 1671 cum

137 1690 198 1754 viri
221 1688 392 1754 cuiusdam
413 1707 516 1753 uxore
539 1685 726 1773 oblectaret,
747 1688 782 1753 in
802 1689 998 1777 timporibus
1012 1688 1093 1755 adeo
1107 1711 1129 1756 a
1144 1687 1384 1756 diabolouura

138 1785 188 1840 est
207 1796 392 1863 percussus,
415 1782 453 1838 ut
472 1771 558 1838 infra
579 1773 707 1840 dierum
728 1785 802 1840 octo
825 1775 972 1861 spacium
999 1772 1115 1841 eodem
1143 1775 1186 1841 sit
1205 1774 1274 1842 vul·

137 1881 215 1926 nere
242 1872 399 1925 mortuus.
451 1857 519 1924 Sed
545 1857 759 1926 eucharistiae
786 1860 956 1942 viaticum,
986 1860 998 1925 i
1022 1860 1090 1925 sius
1118 1860 1274 1927 instinctu

139 1946 196 2032 qui
218 1967 294 2011 eum
315 1942 552 2032 percusserat',
579 1966 646 2011 non
675 1945 838 2046 percepit,
865 1966 963 2033 quem
1042 1944 1142 2011 edum
1156 1968 1184 2030 ,a
1206 1946 1273 2013 suis

137 2031 283 2117 cognatis
313 2040 345 2096 et
373 2026 599 2112 familiaribus,
632 2051 690 2119 qm
718 2040 884 2119 presentes
913 2040 1015 2113 erant,
1042 2052 1180 2120 persepe
1210 2028 1273 2098 sub

136 2116 340 2182 attestatione
359 2112 557 2181 audivimus.

222 2201 274 2267 20.
307 2201 383 2285 Quo
404 2211 544 2283 mortuo,
566 2198 705 2267 Romani
726 2221 848 2281 omnes,
869 2201 1043 2267 iuramenti
1057 2198 1145 2290 quod
1161 2210 1273 2268 sancto

160 2288 354 2352 remiserant
374 2284 563 2373 imperatori
587 2286 805 2370 immemores,
831 2284 1046 2353 Benedictum
1075 2283 1273 2352 cardinalem

136 2309 307 2440 diaconem
319 2391 442 2472 papam
457 2371 644 2438 constituun
688 2371 823 2459 insuper
837 2381 870 2437 et
882 2372 1074 2455 iuramento,
1093 2392 1273 2459 numquam

136 2480 172 2526 se
196 2480 272 2524 eum
295 2455 495 2539 drmrssuros,
522 2454 581 2523 sed
603 2478 678 2523 eum
700 2467 836 2522 contra⁶
863 2456 1067 2544 imperatoris
1093 2456 1274 2546 potentiam

136 2543 337 2626 defensuros,
351 2542 554 2631 promittunt
584 2541 659 2625 Quo
674 2539 795 2625 audito,
810 2541 987 2631 imperator
1000 2541 1115 2608 urbem
1130 2539 1272 2624 vallavit,

136 2629 316 2712 neminem,
354 2628 411 2715 qui
443 2648 510 2692 non
541 2627 697 2694 membris
731 2636 949 2710 truncaretur,
986 2627 1075 2693 exire
1110 2627 1273 2728 permisit3

136 2714 294 2781 machinis
317 2723 350 2779 et
369 2713 455 2779 fame
476 2733 582 2799 usque
603 2711 686 2779 adeo
707 2710 835 2795 afflixit,
862 2709 966 2778 donec
986 2712 1143 2780 Romams
1164 2711 1274 2779 nolen-

135 2799 223 2867 tibus
251 2796 367 2865 urbem
394 2798 562 2886 reciperet,
590 2797 734 2864 Leonem
762 2798 869 2862 virum
897 2795 1116 2864 venerabilem
1145 2796 1274 2865 debitae

136 2885 205 2952 sedi
228 2885 418 2966 restitueret,
440 2903 479 2947 ac
501 2882 715 2950 Benedictum
738 2904 885 2950 summae
905 2882 991 2949 sedis
1005 2884 1188 2950 invasorem
1203 2883 1336 2953 eiusru.
1352 2909 1391 2953 aa

137 2971 318 3060 presentiae
338 2977 549 3057 presentaret.

222 3056 273 3122 21.
306 3050 534 3121 Residentibus
561 3053 607 3118 ita
630 3075 671 3120 ue
700 3052 820 3120 domno
848 3053 959 3120 Leone
988 3074 1116 3119 summo
1144 3064 1177 3120 et
1203 3053 1273 3120 uni„

135 3141 256 3208 versali
288 3161 376 3227 papa
405 3139 439 3202 in
468 3136 587 3205 eclesia
657 3139 828 3221 teranensi,
857 3159 987 3205 necnon
1015 3149 1048 3206 et
1075 3138 1272 3226 imperatore

135 3225 362 3293 sanctissimo‘¹
388 3225 518 3305 Ottone,
541 3223 651 3312 episco
676 3224 703 3289 is
725 3224 859 3312 insuper
886 3223 1056 3308 Romanis,
1085 3223 1224 3307 Italicis,
1252 3245 1276 3289 a·

136 3311 349 3399 Lothau'ngia
370 3321 403 3376 et
425 3308 570 3375 Saxonis
590 3330 646 3374 arc
671 3309 854 3397 episcopis,
879 3311 1052 3398 episcopis,
1074 3307 1272 3397 presbiteris,

136 3396 340 3477 diaconibus,
372 3395 525 3482 omnique
557 3394 780 3461 Romanorum
796 3393 917 3547 eplebe
952 3415 1091 3484 quorum
1120 3394 1272 3459 nomina⁸

135 3482 270 3550 inferius
297 3479 532 3565 adscribentur,
564 3479 697 3546 advenit
723 3479 795 3547 Ben
839 3480 932 3565 ctus,
960 3503 982 3547 a
1005 3479 1159 3547 ostolicae
1188 3477 1274 3546 sedis

135 3571 277 3650 invasor,
307 3588 421 3634 eorum
448 3566 504 3666 qui
531 3587 568 3633 se
594 3563 643 3632 ele
667 3575 759 3632 erant
779 3563 929 3632 manibus
995 3564 1123 3645 ductus,
1145 3562 1274 3653 pontifi·

136 3653 261 3722 colibus
282 3650 429 3718 vestibus
449 3650 594 3718 indutus.
638 3587 745 3734 duem
766 3649 965 3718 Benedictus
980 3649 1153 3717 cardinalis
1169 3647 1273 3715 archi·

134 3739 292 3806 diaconus
314 3735 372 3805 tali
398 3746 448 3802 est
468 3757 617 3804 sermone
646 3735 837 3824 adgressus:
869 3736 955 3820 ‘Qua
983 3736 1043 3804 tibi
1070 3734 1274 3819 auctoritate,

45 3927 56 3941 ·
133 3905 159 3959 a)
176 3916 243 3948 roma
260 3908 282 3947 1.
343 3900 368 3955 b)
384 3912 523 3955 pereanem
539 3903 561 3944 1.
623 3900 645 3953 c)
663 3905 745 3945 contra
760 3911 813 3945 enm
831 3906 853 3946 1.
915 3900 939 3956 d)
956 3902 1062 3943 sclutme
1079 3902 1100 3941 1.
1153 3897 1176 3953 e)
1193 3901 1236 3942 un
1252 3901 1273 3942 ¹.

139 4028 167 4109 1)
189 4039 297 4094 Contin.
323 4039 423 4106 Regin.
442 4036 511 4101 964,
537 4035 682 4090 Benedicti
708 4037 800 4091 chron.
826 4053 850 4090 c.
870 4036 919 4101 at,
947 4035 1072 4090 Gerberti
1096 4034 1168 4087 Acta
1195 4048 1273 4087 conc.

135 4116 216 4169 Rem.
237 4131 261 4169 c.
282 4113 328 4166 28.
404 4107 433 4178 ἲ)
452 4112 540 4164 ‘Iacet
559 4111 604 4163 hic
623 4116 719 4164 auctor
737 4117 830 4165 noster
849 4110 883 4165 de
903 4110 1016 4178 synodo,
1037 4125 1118 4178 qnam
1138 4107 1274 4161 lebannes

137 4207 212 4260 papa
231 4189 326 4242 diebus
346 4185 465 4238 26-28.
485 4186 629 4239 Februarii
648 4201 734 4240 mens.
754 4188 783 4239 in
798 4185 914 4240 basilica
926 4186 1015 4239 sancti
1027 4184 1101 4238 Petri
1115 4182 1274 4247 celebravit,

137 4280 247 4334 qusque
268 4264 379 4317 decreta
399 4262 496 4331 prioris
515 4260 611 4330 synodi
630 4261 709 4314 Irrita
726 4260 855 4315 reddidia
1222 4290 1225 4296 ,
