2932 4718
206 226 243 280 so
354 225 586 280 amararum
605 224 870 281 surmonosts.
908 225 981 280 trs.
1000 226 1049 281 1v.
1087 192 1207 281 'ss-ss.

145 419 300 468 ssasecus
324 394 543 464 Gislebertum
564 418 585 462 a
605 397 692 484 regis
713 395 778 463 fide
793 398 962 485 seiungere
976 395 1088 484 valuit,
1111 398 1216 466 donee
1231 420 1342 488 regem

207 505 284 551 eum
309 503 344 550 se
375 481 536 548 mmmmm
563 482 722 570 promisit.
775 480 976 549 Gislebertus
1008 493 1117 551 autem
1150 483 1344 551 Heinricum

206 569 269 636 hac
290 578 360 636 arte
382 567 535 657 decipere
554 565 668 651 voluit,
690 576 726 634 ut
748 565 828 635 dum
849 589 908 635 suo
930 567 1092 637 adiutorio
1106 591 1218 658 regem
1233 569 1345 638 devin-
1448 651 1451 658 ἢ

208 663 311 736 aeret,
346 653 456 718 isum
491 650 684 736 decuerat,
726 652 854 742 sibique
890 653 984 742 regni
1018 652 1136 721 solium
1173 653 1343 722 obtineret.

207 738 332 806 Verum
426 760 468 805 ve
544 761 583 805 us
610 736 708 824 longe
729 736 823 806 aliter
844 737 1056 827 disposuerat
1105 738 1219 808 Voluit
1246 740 1344 825 enim,

207 825 368 912 siregem
395 835 507 913 posset
535 822 718 907 devincere,
742 834 899 928 utrosque
927 846 1029 912 regno
1057 825 1187 914 privare
1214 823 1345 914 sibique

206 930 376 998 mnrpare,
398 907 674 998 quemadmodum
695 931 738 976 ex
759 907 869 976 verbis
890 910 1004 997 ipsius,
1031 932 1115 999 quae
1136 909 1234 999 paulo
1255 923 1345 979 ante·

230 1016 308 1062 uam
322 1003 504 1062 moreretur
523 995 620 1061 uxori
641 1015 720 1060 suae
735 993 830 1076 dixit,
852 994 1000 1062 conicere
1015 1015 1201 1083 possamus.
1235 994 1344 1079 Quam

58 1083 61 1089 ’
127 1135 128 1138 ,
208 1017 288 1148 dum
309 1079 434 1148 foveret
454 1081 489 1146 in
509 1079 595 1146 sinu:
617 1077 830 1164 ‘Iucunda-0⁹,
851 1079 967 1191 inquit,
993 1081 1038 1145 ‘in
1058 1081 1184 1168 gremc
1205 1081 1343 1163 comitis,

208 1163 302 1234 brevi
330 1163 487 1233 laetatura
514 1164 549 1229 in
579 1187 633 1231 am
656 1162 784 1231 lexibus
810 1164 915 1252 regis.
966 1163 1065 1248 Quod
1091 1187 1159 1232 non
1187 1167 1233 1232 ita
1261 1166 1346 1234 acci·

210 1248 297 1318 disse
326 1258 360 1318 et
384 1249 589 1339 iniquitatem
618 1186 680 1317 albi
708 1251 876 1318 mentitam
904 1271 985 1333 esse,
1017 1259 1194 1339 tempestas
1224 1251 1346 1319 indicat

208 1358 354 1426 presens.
888 1364 893 1376 ·

142 1444 199 1503 (ιι.)
295 1421 368 1488 24.’
390 1419 506 1508 Igitur,
535 1429 572 1487 ut
600 1420 717 1509 prefati
749 1443 878 1505 sumus,
911 1420 1100 1489 huiusmodi
1131 1421 1346 1510 promissione

209 1508 372 1574 animatus
393 1508 494 1573 immo
515 1505 681 1594 deceptus,
704 1504 837 1574 collecto
870 1507 1027 1657 enercitqi
1054 1529 1130 1574 cum
1160 1505 1345 1578 Gisleberta

209 1593 331 1682 pariter
352 1600 450 1680 atque
471 1591 662 1658 Heverardo
684 1593 756 1680 regi
773 1602 948 1680 preparant
961 1590 1003 1658 be
1026 1615 1093 1658 um.
1159 1613 1219 1659 uos
1233 1602 1347 1659 conns

209 1700 270 1746 rex
291 1685 445 1768 properat
465 1675 580 1759 laetus,
600 1698 666 1742 non
688 1699 799 1744 eorum
828 1675 1033 1744 multitudine
1056 1680 1195 1760 territus,
1224 1676 1284 1744 sed
1305 1677 1346 1744 de'

66 1789 105 1832 a..
116 1785 154 1837 ss,
165 1786 201 1828 rr.
210 1764 264 1833 dei
285 1765 406 1851 pietate
428 1761 579 1828 confisus.
632 1761 698 1829 Sed
725 1773 762 1829 ut
782 1763 877 1846 scias,
904 1785 1003 1851 quam
1032 1761 1126 1829 facile
1152 1772 1201 1829 est
1228 1762 1347 1829 decia

211 1850 324 1939 paucis
346 1847 455 1936 plures
476 1848 618 1929 vincere,
647 1858 680 1915 et
701 1847 790 1935 quod
812 1849 986 1936 quisquam
1007 1848 1041 1912 in
1062 1847 1263 1914 abundantia
1283 1848 1347 1913 vir-

212 1934 289 2002 tutis
305 1954 384 2000 suae
398 1954 465 1998 non
478 1931 666 2015 salvabitur,
688 1932 766 1999 audi
789 1934 855 2000 anti
878 1955 958 1998 uum
973 1955 993 1998 a
1008 1932 1140 2000 domino
1154 1942 1347 2000 renovatum

211 2016 413 2086 miraculum.
457 2017 557 2106 Regis
579 2015 698 2084 milites
720 2041 819 2119 supra
833 1955 984 2086 erenam
1005 2018 1047 2085 ad
1061 2015 1172 2084 locum
1185 2016 1348 2085 vocabulo

211 2104 384 2172 Bierauni¹
407 2112 630 2192 pervenerant,
660 2102 830 2193 Rhemque
858 2103 987 2170 alveum
1008 2103 1145 2170 tanaim
1166 2103 1232 2169 iam
1253 2125 1348 2192 cepe-

212 2200 294 2274 rant,
327 2191 543 2290 ignorantes⁸,
578 2187 667 2277 quod
696 2187 869 2256 Heinricus
904 2210 980 2255 cum
1007 2187 1140 2277 prefatis
1171 2188 1346 2257 comitibus

212 2283 303 2343 tanta
330 2297 377 2343 ers
406 2273 573 2340 vicinitate
602 2284 687 2340 esset
707 2273 774 2339 iam
795 2275 976 2363 proximus.
1024 2274 1186 2363 Perpauci
1206 2273 1283 2341 deni
1307 2295 1348 2340 ue

102 2384 231 2448 ⁸passae
252 2359 390 2427 navibus
413 2359 544 2447 egressi,
566 2359 625 2425 vix
646 2380 748 2447 equos
770 2358 960 2426 *ascendere
982 2381 1117 2448 seseque
1137 2358 1236 2426 armis
1256 2296 1348 2426 indui

211 2456 370 2535 poterant,
393 2466 468 2512 eum
490 2443 787 2533 prenominatorum
808 2443 952 2532 legiones
978 2465 1043 2510 non
1064 2445 1256 2512 nuntiantur
1275 2465 1349 2545 pro·
1416 2503 1419 2508 .

212 2540 372 2620 perantes,
394 2528 453 2596 sed
480 2529 600 2596 intuitu
624 2529 697 2618 ipso
724 2541 901 2597 cernuntur
952 2540 1105 2597 resentes.
1148 2526 1221 2596 'I’ali
1248 2529 1349 2618 igrttu

213 2639 285 2684 sese
307 2625 383 2682 sunt
404 2625 517 2682 mutuo
539 2635 688 2682 sermone
708 2614 867 2703 adgressi:
904 2622 912 2656 ‘
942 2613 1072 2680 luminis
1094 2613 1201 2699 haias,
1222 2623 1261 2681 ut
1281 2637 1348 2683 oer-

92 2775 94 2778 ,
213 2703 300 2785 nitis,
333 2697 523 2788 magnitudo
556 2701 662 2767 socios
696 2711 822 2767 nostros
857 2698 952 2766 nobis
989 2721 1185 2783 succurrere,
1222 2721 1348 2788 nosque

213 2787 322 2888 etiam,
356 2787 504 2875 quamvis
536 2783 690 2886 volentes,
723 2783 778 2850 illd
813 2785 917 2887 redire
946 2805 1014 2886 non
1042 2785 1135 2886 sinit3
1170 2806 1231 2886 nec
1264 2783 1348 2886 elam

212 2868 311 3024 ildricus
329 2869 1348 3025 epiqoquppnoptqqffilpmtraqqsrtprsetprlppprqrerrsissppnppcqqpplpppl,

213 3043 337 3131 fugere,
359 3041 526 3130 vitamque
550 3041 753 3143 sempiternis
777 3041 960 3130 obpropriis
983 3062 1055 3107 com
1079 3062 1181 3107 arare.
1226 3040 1348 3124 Quam·

236 3148 314 3193 uam
346 3127 434 3194 enim
466 3125 633 3210 evadenda,
668 3148 751 3216 quae
784 3148 1029 3215 nonnumquam
1056 3064 1212 3193 laostibus'
1246 3126 1348 3209 obest,

215 3211 322 3280 olata
355 3211 538 3300 desperatio
571 3223 604 3278 et
632 3211 838 3301 supplicandi
871 3213 1103 3301 sempiternum
1137 3210 1348 3300 obproprium

214 3296 384 3386 pugnandi
405 3295 501 3363 nobis
522 3296 677 3364 fiduciam
699 3306 857 3386 prestent:
887 3320 926 3364 sa
955 3306 1064 3363 tamen
1090 3307 1149 3381 est,
1177 3317 1262 3385 quae
1288 3317 1348 3362 nos

214 3384 394 3484 presertim,
416 3383 562 3482 veritatis
584 3381 767 3485 scilicetne
788 3384 942 3468 iustitiae,
972 3403 1072 3483 causa
1093 3403 1240 3483 pugnare
1263 3402 1349 3483 qom-

54 3576 76 3616 s.
87 3571 141 3617 css.
151 3574 173 3628 s,
184 3576 205 3616 1.
214 3466 693 3637 dibllllvatstlrfldlelllertdarlndstddb
704 3467 820 3618 (ἓξὲξ
828 3478 952 3619 ἲὲἓὲἱῗ
962 3466 1158 3640 rbbsilpliddllll
1171 3476 1349 3618 liltnbsatdlil’e

215 3639 276 3705 His
297 3641 407 3727 itaque
423 3637 517 3705 dietis
532 3639 670 3720 accensi,
692 3638 800 3706 hostes
819 3638 903 3706 inter
917 3660 1016 3705 cursu
1030 3640 1157 3726 prepeti
1171 3646 1348 3704 transetmt.

214 3724 288 3791 Rex
317 3722 458 3811 denique
486 3733 609 3790 tantam
639 3745 773 3790 sacrum
802 3725 1016 3792 constantiam
1044 3743 1110 3789 non
1140 3723 1208 3789 sine
1235 3721 1348 3788 divino

215 3810 390 3875 instinctu⁰
423 3831 493 3874 esse
523 3808 740 3891 considerans,
770 3811 935 3898 quoniam,
966 3807 1088 3876 liuvio‘¹
1117 3806 1348 3890 intercedente,

214 3892 374 3983 corporali
403 3895 565 3982 presentia
595 3895 768 3962 subvenire
797 3898 865 3962 suis
895 3918 961 3962 non
1014 3903 1126 3976 oterat,
1158 3891 1347 3960 recordatus

213 3979 328 4069 populi
349 3978 482 4061 domini,
505 3979 562 4067 qui
584 3992 801 4068 repugnantes
823 3981 886 4049 sibi
905 3917 1123 4047 Amaleahitas
1146 3976 1347 4045 orationibus

214 4144 237 4198 a)
254 4146 406 4196 transmutas
423 4148 444 4188 1.
504 4144 530 4198 b)
547 4147 564 4187 ι’.
579 4157 596 4187 e.
614 4145 727 4189 hosdbas.
788 4144 809 4196 o)
826 4146 948 4187 tntsttnetu
965 4146 985 4187 t.
1047 4144 1072 4196 d)
1088 4143 1144 4187 flato
1161 4145 1182 4188 l.

217 4276 246 4349 1)
265 4279 368 4343 Birten,
388 4279 422 4332 ct.
442 4279 591 4348 Bsginonis
612 4283 714 4334 conda.
727 4296 753 4334 a.
768 4280 831 4345 939,
852 4278 1014 4332 Widukind.
1034 4279 1063 4331 11
1086 4295 1110 4332 c.
1133 4279 1242 4344 113111
1262 4295 1286 4332 c.
1303 4279 1348 4333 ld.
