2932 4718
286 222 519 276 LIUDPRANDI
537 222 803 280 ANTAPODOSIS.
841 225 916 281 LIB.
936 225 992 278 111.
1031 226 1066 278 26
1219 227 1255 281 bb

111 391 347 475 Alexandrum,
370 392 503 460 fratem
525 414 728 482 germanum,
756 395 955 483 unicumque
977 417 1073 461 suum
1097 393 1318 463 Consum-⁰¹¹·

111 480 227 560 tinum,
250 478 306 577 qui
328 499 415 543 nunc
431 489 580 566 superest
601 489 633 544 et
653 476 791 547 feliciter
811 491 935 566 regnat,
958 478 1141 568 parvulum,
1163 492 1197 548 et
1218 493 1256 550 ut

112 561 214 630 Greci
235 575 326 629 arunt
347 560 462 646 alalon,
486 562 520 629 id
541 576 590 630 est
611 586 678 630 non
695 561 893 652 loquentem,
922 571 1040 633 αλαλον
1065 562 1254 654 dereliquid.

113 647 242 730 Quibus
265 646 308 713 ad
329 647 485 715 tuendum
509 647 666 736 palatium
688 647 926 737 tutandamque
941 672 1010 716 rem
1025 650 1197 738 privatam,
1219 659 1256 718 ut

111 733 184 798 istic
220 733 320 798 moris
358 743 416 817 est,
453 732 637 799 eunuchum
674 733 781 800 officio
815 733 1119 834 parakinumenon¹
1154 733 1254 818 dedit,

111 816 225 884 Focan
247 839 324 884 vero
348 819 536 901 δομεστικον
559 842 664 903 μεγαν,
687 817 901 886 domestrcum
924 820 1089 901 maiorem,
1118 818 1182 886 hoc
1204 832 1255 888 est
1292 863 1297 868 -

111 902 270 969 terrestris
293 903 410 970 ducem
433 904 605 986 exercitus,
628 902 715 970 fecit
759 905 928 971 Romanoa
944 914 1064 987 antem,
1085 925 1151 972 non
1165 903 1253 972 claro

110 984 268 1054 natalium
308 987 404 1055 hortu
442 989 500 1056 sed
535 989 643 1056 cordis
677 989 942 1077 magnanimitate
983 987 1175 1089 delongtrin
1211 991 1253 1057 tis

110 1072 213 1161 ploos,
245 1075 436 1176 bstowoq'qn
464 1098 521 1155 της
542 1080 657 1158 aloda,
686 1074 748 1141 hoc
769 1086 818 1141 est
838 1071 962 1140 navalis
984 1084 1147 1142 exercitus
1167 1074 1255 1163 prin·

111 1158 424 1246 cipem,ordinav1t.
468 1158 656 1226 Alexander
686 1170 761 1247 post
781 1157 947 1225 modicum
978 1158 1158 1242 debrnctus,
1191 1159 1252 1226 soli

112 1239 324 1309 Constantino
347 1242 483 1332 parvulo
504 1244 677 1395 impeerium
700 1241 879 1333 dereliquit.
931 1242 1084 1332 Denique
1105 1253 1172 1310 tem
1215 1265 1317 1312 retra.

135 1349 177 1393 uo
199 1350 232 1393 m
299 1350 338 1394 us
359 1328 537 1417 imperator
607 1351 626 1395 o
655 1329 807 1417 migravit
835 1327 878 1394 ad
902 1326 1078 1410 Christum,
1107 1351 1129 1417 p
1178 1339 1251 1396 aun

110 1349 219 1479 locas
235 1349 448 1497 iliumesticua
471 1415 631 1480 terrestris
649 1411 720 1479 dux
740 1413 913 1496 exercitus,
937 1422 1050 1479 contra
1066 1411 1251 1481 Simeonem

110 1495 341 1596 Bulgariorum
362 1520 474 1586 regem
497 1499 608 1586 copias
631 1496 781 1581 duxerat,
815 1499 911 1586 eique
934 1496 1251 1587 Constantinopolim

109 1603 221 1647 ventre
249 1583 392 1670 cupienti
413 1604 480 1648 non
500 1581 668 1650 inviriliter
688 1592 918 1673 repugnarat¹.
962 1583 1127 1649 Romanos
1160 1606 1315 1668 vero,en.

109 1676 234 1734 utnon
255 1666 436 1750 incallidus,
460 1667 571 1734 audito
593 1669 836 1756 imperatorum,
865 1667 986 1734 Leonis
1008 1666 1132 1735 scilieet
1152 1679 1251 1757 atque

110 1749 300 1835 Alexandri,
330 1753 472 1836 interitu,
507 1752 596 1819 haud
624 1750 721 1842 longe
749 1751 791 1819 ab
822 1751 904 1819 urbe
934 1751 1069 1820 collecto
1096 1752 1251 1820 classium

109 1837 256 1904 exercitu
278 1836 390 1922 suita
428 1860 469 1905 ue
491 1838 526 1903 in
545 1836 686 1904 insulam
707 1858 843 1926 parvam
864 1839 958 1905 iuxta
980 1837 1252 1927 Constantinopo-

109 1917 176 2005 lim,
198 1922 244 1988 ita
266 1933 343 1989 ute
439 1923 506 1989 tiob
535 1923 641 1990 videri
665 1945 770 2012 poene
799 1933 920 2011 posset,
950 1923 1075 1992 ratibus
1105 1921 1249 1991 collectis

108 2004 272 2073 advenit¹.
316 2006 348 2074 A
399 2005 556 2109 palatium
582 2018 692 2075 autem
721 2009 855 2074 minime
880 2006 1108 2091 transfretavit,
1137 2006 1250 2076 laudes

108 2091 203 2158 iuxta
218 2092 487 2160 consuetudmem
502 2090 783 2181 Porphyrogenito
799 2093 933 2160 minime
948 2092 1144 2160 decantavit
1177 2091 1251 2175 Que

108 2198 161 2242 res
198 2176 348 2244 eunucho
388 2176 649 2266 parakinumeno
690 2178 883 2266 cunctisque
919 2175 1136 2244 Constantina
1161 2176 1249 2246 oleos

110 2261 313 2350 principibus
335 2274 501 2352 stuporem
523 2263 716 2331 timoremve
735 2285 874 2351 parvum
894 2283 961 2328 non
982 2261 1108 2329 adtulit
1136 2199 1251 2330 1luter·

109 2347 233 2414 nuntiis
254 2349 365 2437 itaque
397 2348 477 2437 quid
498 2347 561 2415 hoc
579 2348 716 2415 monstri
731 2348 783 2433 sit,
805 2346 893 2437 quod
907 2370 1020 2435 regem
1033 2369 1100 2414 non
1113 2347 1250 2416 adierit⁶

108 2428 287 2520 laudesque
320 2399 447 2500 debitas
479 2455 544 2500 non
577 2432 779 2522 persolverit,
809 2433 1024 2499 sonantum.
1068 2431 1115 2498 Hi
1156 2455 1199 2500 ue
1230 2454 1251 2497 a
1293 2467 1298 2475 ·

110 2513 258 2583 Romano
291 2517 516 2606 respondetur,
543 2517 632 2608 quod
657 2518 810 2607 propriae
836 2517 924 2584 viae
953 2518 1114 2605 timensp
1147 2518 1250 2584 atium

110 2599 298 2686 declinarit3
332 2615 365 2670 et
392 2601 523 2686 adiecit,
551 2602 639 2693 quod
666 2603 695 2669 si
719 2601 995 2691 parakinumenos
1016 2602 1152 2670 caeteris
1173 2624 1251 2668 eum

109 2687 314 2775 principibus
336 2711 371 2754 se
398 2710 465 2755 non
492 2687 606 2772 adiret,
632 2688 800 2776 vitamque
831 2686 878 2752 illi
900 2699 933 2754 et
952 2687 1109 2754 honorem
1130 2687 1251 2753 iureiu-

109 2772 212 2839 rando
228 2773 440 2861 promitteret,
462 2795 542 2839 mox
556 2795 591 2839 se
605 2772 649 2839 ad
665 2772 870 2841 Cretensium
886 2771 1125 2839 Saracenorum
1138 2793 1250 2859 regem

111 2855 281 2943 conferret,
307 2880 511 2947 regnumque
537 2857 735 2946 Argivorum
763 2859 814 2924 sui
843 2856 957 2923 auxilii
985 2855 1174 2924 fortitudine
1195 2854 1251 2924 de·

108 2939 254 3008 bellaret
313 2942 412 3026 Quod
449 2965 548 3044 quam
589 2941 704 3010 callide
741 2941 875 3025 dixerit,
917 2943 1025 3009 exitus
1061 2939 1249 3008 declarabit

108 3024 215 3113 Igitur
237 3026 325 3115 quod
346 3027 463 3116 prefati
484 3050 607 3112 sumus,
634 3028 799 3130 principes
825 3036 948 3093 terrore
971 3024 1130 3116 compulsi
1158 3026 1250 3114 igno·

108 3121 218 3178 rantes
243 3133 285 3178 ue
307 3111 395 3201 quod
416 3111 532 3180 lateret
545 3135 662 3201 anguis
677 3114 711 3178 in
725 3111 859 3196 herba³,
883 3133 996 3178 omnes
1011 3111 1099 3178 hunc
1115 3109 1251 3177 fiducia-

108 3191 181 3264 liter
248 3208 335 3282 eunt,
358 3197 447 3286 quod
475 3197 689 3298 mandaverat
715 3207 883 3285 gratanter
912 3197 1078 3284 cupientes
1103 3193 1251 3295 implere.

110 3279 202 3363 Quos
226 3304 348 3365 omnes,
369 3305 436 3349 non
458 3283 544 3349 malo
567 3280 702 3350 consilio
728 3291 875 3371 accepto,
905 3282 1068 3368 proiectos
1097 3281 1253 3347 insenos
1318 3288 1322 3295 '
1445 3286 1450 3295 “

108 3386 184 3431 nam
207 3364 301 3455 ligat,
324 3369 438 3456 sieque
460 3389 593 3435 secmus
622 3367 665 3434 ad
691 3365 808 3433 urbem
836 3386 958 3454 magno
988 3387 1064 3432 cum
1093 3365 1252 3448 comitatu

109 3448 250 3552 festipat,
271 3453 321 3536 iis,
344 3473 428 3541 quos
448 3461 616 3555 supportas
641 3450 810 3535 habuerat,
832 3449 990 3553 palatium
1016 3460 1144 3541 purgat,
1161 3470 1252 3551 ,anae

108 3538 500 3710 tttattttttttt‘
514 3537 1251 3718 tlttfftttttntttttrttdtt

109 3705 309 3794 spathtrios,
351 3705 717 3796 spatharocandiddtos,
749 3704 1012 3796 parathalassitin
1044 3724 1121 3772 auos
1155 3702 1251 3786 factt3

110 3896 134 3950 ι)
148 3900 523 3954 repugnaturumrepnnarat
538 3913 556 3946 c.
613 3899 742 3955 b)pnlatlo
759 3903 782 3943 1.
834 3898 856 3954 c)
869 3899 971 3943 auderit
986 3901 1007 3942 1.
1059 3896 1252 3951 d)alsettstnr1.
1310 3901 1313 3908 ·

110 3956 133 4011 a)
148 3964 275 4010 paroentes
292 3963 317 4012 ις
334 3971 348 4003 o
363 3972 433 4003 m
447 3962 551 4006 marta.

111 4107 141 4179 1)
165 4107 410 4184 παρακοιμόμενος
435 4113 591 4182 praelectas
616 4113 688 4166 sacri
715 4111 845 4167 cubiculi.
934 4111 1122 4180 2)10hannis
1149 4108 1253 4165 caron
1348 4137 1352 4142 ¹

108 4184 206 4238 Venet.
228 4185 292 4255 (SS.
312 4188 377 4253 v11,
398 4183 461 4256 23):
483 4188 622 4240 civitatem
643 4203 713 4256 qnae
733 4189 831 4241 Avitus
851 4186 1047 4241 dicitur-adiit.
1118 4183 1149 4253 8)
1168 4186 1255 4253 Verg.

108 4258 168 4314 sel.
189 4259 245 4329 111,
265 4257 311 4315 9³.
388 4259 419 4330 4)
439 4263 458 4314 i.
479 4277 503 4314 e.
524 4263 571 4331 qni
590 4264 662 4331 parti
680 4269 746 4316 snae
766 4262 910 4331 parebant.

1000 4364 1016 4415 ὅ
