2932 4718
230 223 284 277 162
510 221 746 284 LIUDPRANDI
765 221 939 275 Lutario.
978 220 1099 274 di-dt.

165 408 216 453 ’σε
230 403 264 462 ct
283 393 483 474 iuraverumt,
503 414 553 491 se·
562 412 646 480 quae
666 389 863 492 latraverant
877 413 944 458 non
958 400 1085 492 sponte,
1107 389 1167 490 sed
1180 390 1379 541 imperatope

227 475 359 545 volante
381 488 414 546 et
436 487 662 561 commeante,
683 475 816 545 dixisse.
861 474 929 545 Sed
950 486 984 544 et
1003 476 1092 543 idem
1113 474 1217 564 Nicep
1242 496 1320 543 orus
1340 498 1378 543 ιιι

229 563 346 631 eadem
367 583 470 630 coena
490 583 544 628 me
565 561 789 650 interrogavit,
812 561 913 629 sivos
927 559 1095 651 perivolia,
1117 560 1217 628 idest
1232 558 1364 628 briolia¹

228 647 284 716 vel
304 649 333 715 si
353 648 388 714 in
411 643 577 737 perivoliis
606 668 746 747 onagros
771 645 825 714 vel
850 657 979 715 caetera
1004 644 1160 713 animalia
1186 610 1379 715 haberatis‘l
1460 675 1463 681 ·

230 731 296 802 Oui
317 754 403 816 cum,
425 753 485 799 vos
504 729 609 798 brolia
630 740 663 800 et
683 753 719 798 m
739 729 851 799 broliis
873 729 1036 815 animalia,
1061 752 1192 819 onagris
1214 731 1376 834 exceptis,

229 816 361 903 habere,
381 815 595 884 affirmarem:
628 815 769 885 ‘Ducam
791 819 843 903 te’,
871 818 988 908 inquit,
1011 817 1055 883 ‘in
1074 826 1224 885 nostrum
1245 836 1378 906 perivo-

196 957 201 964 .
229 900 322 988 lium,
345 904 439 969 cuius
460 900 720 990 magnitudinem
749 912 783 968 et
804 923 956 991 onagros,
987 900 1095 970 idest
1122 900 1286 970 silvestres
1311 900 1377 969 asi·

228 1009 299 1074 nos,
321 996 354 1056 te
375 986 496 1057 vidisse
517 984 707 1055 miraberie'.
727 987 873 1117 ‘Ductus‘
889 989 1000 1089 itaque
1021 987 1058 1053 in
1077 985 1274 1115 perivoliupn
1295 988 1378 1055 satis

229 1072 1378 1259 usstassaiasseruisset&

227 1181 296 1311 llio
318 1242 467 1311 celeriter
486 1241 609 1310 directo
630 1179 711 1309 mllu
725 1242 902 1328 mandavit,
923 1242 973 1310 ias
987 1263 1055 1309 non
1068 1262 1150 1326 esse,
1171 1263 1376 1396 pppempbam,

109 1345 113 1350 ’
224 1327 288 1397 'ubi
308 1329 487 1418 imperator
507 1325 790 1416 essetpileatum,
812 1326 871 1396 sed
883 1330 1084 1396 teristratum
1098 1327 1170 1393 inec

228 1411 421 1497 ‘Maioma
433 1414 469 1479 in
490 1415 587 1496 uam',
610 1420 749 1480 ‘nostrae
770 1415 905 1481 tiaratae
927 1424 960 1482 et
980 1412 1172 1496 teristratae,
1198 1412 1261 1479 riri
1282 1413 1376 1503 equi·

216 1508 300 1565 ⁴tant
320 1496 441 1587 pileati.
513 1520 551 1565 ec
572 1498 666 1566 decet
686 1520 747 1565 vos
769 1497 963 1587 compellere
984 1498 1129 1587 patrium
1150 1518 1203 1564 me
1224 1496 1280 1564 hic
1301 1519 1377 1565 mu·

228 1593 310 1661 tare,
328 1605 464 1667 morem,
497 1606 573 1650 cum
605 1595 740 1666 vestros,
773 1605 833 1650 nos
866 1584 1040 1664 adeuntes,
1095 1582 1215 1649 atrium
1247 1604 1376 1651 morem

228 1677 339 1736 tenere
361 1669 522 1753 sinamus;
544 1669 699 1735 manicati
719 1670 816 1752 enim,
837 1668 975 1753 fasciati,
1004 1666 1049 1734 fib
1084 1669 1163 1752 ati0,
1186 1668 1305 1751 criniti,
1327 1679 1376 1736 ta·

127 1768 129 1773 ·
228 1752 289 1819 lari
311 1754 422 1821 tunica
444 1753 559 1838 induti,
581 1777 682 1842 penes
705 1777 765 1820 nos
780 1754 937 1843 equitant,
960 1751 1126 1835 incedunt,
1147 1775 1280 1820 mensae
1294 1754 1376 1821 assi·

228 1838 315 1922 dent,
339 1850 380 1922 et,
404 1837 493 1926 quod
513 1840 632 1904 nostris
654 1838 805 1905 omnibus
827 1840 923 1905 nimis
1023 1837 1204 1922 evidetur,
1225 1839 1290 1927 ipsi
1312 1838 1376 1907 soli

230 1924 336 2011 capite
359 1936 471 2011 operto
495 1924 707 2012 imperatores
730 1935 858 1991 nostros
873 1924 979 1991 'deosc
1058 1935 1120 1990 tur.
1134 1962 1179 1974 —-
1193 1922 1292 2007 Quod
1306 1945 1376 1992 non

227 2005 366 2097 amplius
387 2008 459 2076 fieri
481 2007 561 2076 deus
574 2009 766 2098 permittat’l
782 2010 899 2078 tacitis
915 2007 1052 2074 dixi-
1068 2007 1253 2076 ‘Revertere
1268 2009 1374 2098 ergo'i

227 2092 344 2183 inquit.

313 2178 365 2246 38.
410 2177 507 2262 Quod
535 2199 610 2244 cum
638 2177 790 2263 facerem,
818 2188 993 2245 occurrunt
1018 2176 1099 2244 mihi
1126 2178 1288 2246 commisti
1318 2200 1374 2246 ca·

251 2262 325 2348 reis,
347 2284 430 2352 quos
451 2264 516 2351 ipsi
538 2262 661 2348 dicunt,
683 2265 807 2353 onagri.
844 2263 921 2345 Sed,
944 2284 1076 2353 quaeso,
1099 2261 1210 2352 quales
1232 2285 1252 2329 o
1339 2262 1376 2330 ‘l

226 2285 350 2432 &ucles
372 2359 449 2415 sunt
470 2347 651 2416 Cremonae
673 2349 854 2416 domestici.
888 2347 987 2417 Color
1007 2348 1104 2431 idem,
1125 2347 1263 2415 formae
1308 2371 1373 2434 οιιι,

192 2480 196 2488 ·
226 2434 325 2500 auriti
345 2433 469 2519 itidem,
491 2433 619 2500 vocales
641 2433 788 2503 similiter
810 2456 885 2500 cum
907 2432 1024 2500 rudere
1045 2433 1221 2521 incipiunt,
1247 2436 1375 2523 magni·

225 2516 306 2584 tudo
335 2541 401 2586 non
424 2517 545 2607 dispar,
572 2517 728 2586 velocitas
756 2542 831 2603 una,
854 2517 965 2586 dulces
986 2517 1097 2606 lupisl
1120 2540 1234 2608 aeque.
1278 2518 1373 2603 Quos

227 2624 305 2669 cum
326 2603 483 2688 viderem,
505 2605 704 2693 coequitanti
727 2602 855 2672 Graeco
877 2605 1028 2693 inquam:
1057 2601 1268 2670 ‘Huiusmodi
1288 2627 1374 2672 nun·

227 2709 327 2778 quam
356 2689 392 2754 in
421 2687 566 2756 Saxonis
591 2687 681 2755 vidi’.
726 2689 788 2772 si’,
814 2689 938 2778 inquit,
966 2688 1128 2755 ‘dominus
1155 2699 1229 2756 urus
1256 2699 1374 2759 sancto

191 2814 194 2818 »
225 2773 415 2861 imperatori
447 2774 664 2861 morigeratus
690 2773 806 2859 fuerit,
835 2772 954 2841 multos
984 2771 1030 2838 illi
1056 2772 1242 2840 huiuamodi
1268 2773 1371 2860 dabit,

226 2858 352 2958 eritque
373 2856 420 2923 illi
440 2880 508 2925 non
528 2879 630 2947 parva
643 2858 758 2948 gloria,
781 2859 881 2926 cumi
906 2881 941 2926 se
956 2857 1146 2947 possidebit,
1170 2858 1259 2948 quod
1272 2882 1373 2928 nemo

226 2940 434 3010 dominorum
455 2943 662 3011 decessorum
684 2966 819 3011 suorum
839 2881 940 3011 vidit.
977 2942 1045 3011 Sed
1058 2942 1139 3009 milri
1160 2942 1292 3029 credite,
1315 2944 1373 3013 do·

226 3028 307 3094 mini
333 3029 399 3096 mci
425 3030 569 3117 augusti,
603 3029 764 3097 confrater
792 3041 825 3098 et
853 3029 1067 3118 coepiscopus
1096 3051 1190 3096 meus
1219 3029 1373 3099 dominus

225 3112 410 3180 Antonius¹
432 3123 540 3202 potest
560 3135 626 3180 non
649 3114 815 3182 inferiores
830 3114 918 3198 dare,
940 3126 977 3180 ut
991 3115 1186 3182 commercia
1199 3125 1372 3201 testantur,

228 3220 312 3288 quae
333 3198 417 3266 fiunt
439 3197 635 3283 Cremonae3
657 3211 755 3289 atque
777 3201 842 3289 ipsi
862 3220 929 3266 non
957 3199 1071 3287 onagri
1101 3198 1159 3266 sed
1188 3199 1373 3287 domestici,

227 3304 294 3349 non
328 3284 426 3351 vacui
464 3283 524 3351 sed
556 3286 680 3351 onerati
708 3284 902 3374 procedunt.
954 3283 1021 3351 Sed
1050 3305 1127 3350 cum
1153 3305 1193 3350 ea
1221 3288 1373 3374 superius

226 3369 291 3434 scri
314 3379 349 3436 ta
376 3367 479 3436 verba
507 3368 595 3435 idem
624 3369 810 3458 Nicephoro
839 3369 1034 3451 nuntiasset,
1062 3369 1261 3436 transmissis
1288 3368 1371 3437 mihi

226 3390 353 3519 duales
383 3456 518 3554 capreis,
551 3465 588 3522 ut
616 3455 757 3539 abirem,
786 3453 950 3522 licentiam
979 3452 1080 3521 dedit.
1122 3452 1162 3520 In
1192 3455 1370 3523 crastimm

226 3550 334 3605 autem
358 3538 488 3627 Syriam
508 3561 624 3606 versus
644 3539 817 3628 profectus.

312 3623 363 3692 39.
415 3624 482 3691 Sed
518 3645 578 3690 cur
613 3625 794 3692 exercitum
830 3635 937 3691 nunc⁰
974 3625 1009 3689 in
1039 3623 1195 3712 Assyrios
1227 3623 1370 3710 duxerit,

248 3729 349 3776 uacso
378 3711 546 3776 advertite.
594 3709 728 3777 Habent
759 3709 877 3776 Graeci
908 3718 940 3775 et
967 3708 1121 3776 Saraceni
1145 3708 1256 3793 libros,
1284 3730 1369 3801 quos

226 3730 366 3878 dedaste,
389 3795 458 3861 sive
479 3795 630 3878 visiones,
651 3793 799 3861 Danielis
814 3804 942 3878 vocant,
964 3815 1025 3881 ego
1041 3806 1150 3862 autem
1166 3792 1369 3882 Sibyllanos3

225 3878 261 3944 in
283 3877 401 3968 quibus
423 3880 579 3967 scriptum
600 3881 768 3968 reperitur,
797 3890 876 3969 quot
905 3880 997 3945 annis
1026 3880 1203 3969 imperator
1228 3880 1368 3971 quisque

227 4005 412 4118 wmarus
424 4007 600 4108 {bammum
611 4007 706 4049 disscbr.
750 4005 774 4059 b)
787 4018 913 4051 amaseam
931 4009 955 4053 0.
995 4008 1056 4062 c)al.
1072 4009 1172 4060 vtpolatt
1187 4007 1211 4051 0.
1247 4007 1271 4063 d)
1284 4009 1373 4063 rupes?

230 4160 258 4229 1)
277 4156 450 4235 περιβόλαια,
470 4161 525 4215 loci
544 4163 661 4216 ferarum
681 4165 765 4218 muris
784 4165 961 4234 satrapibus
982 4167 1073 4230 cincti,
1094 4166 1128 4217 ct.
1142 4166 1207 4221 Ant.
1221 4166 1268 4220 111
1282 4183 1307 4220 c.
1323 4168 1370 4221 14.

231 4235 261 4303 2)
280 4237 434 4305 Episcopus
454 4236 613 4300 Brixiensis.
635 4237 669 4290 ct.
688 4239 751 4292 Aut
771 4238 796 4290 V
817 4254 841 4293 c.
861 4241 906 4292 29.
