2932 4718
270 249 504 304 LIUDPRANDI
523 246 789 304 ANTAPODOSIS.
827 247 901 301 LIB.
921 248 970 302 lv.
1010 247 1091 301 1-2.
1219 250 1252 302 ta

240 420 378 487 victoria
398 420 467 519 sive
488 417 610 485 bellum
632 440 698 485 non
719 417 856 484 fortuitu
886 400 943 484 sed
970 417 1032 484 deo
1061 416 1253 507 disponente

155 590 206 658 26.
264 515 486 655 rdvddenbod
518 609 630 676 regem
663 599 806 654 castrum
833 587 1005 654 Brisicau¹
1038 586 1251 674 obsidentem,

240 671 375 741 consilio
398 612 557 740 driderici
577 671 816 760 archiepiscopi
840 670 933 739 multi
956 671 1118 740 deserunt

154 759 205 827 27.
237 758 292 825 De
312 755 496 826 admirabili
519 758 700 824 constantia
720 768 753 824 et
773 758 986 845 responsione
1068 758 1075 772 ‘
1111 757 1252 827 ottonis.

153 844 205 911 28.
240 841 536 927 Quemadmodum,
565 841 627 908 deo
653 864 713 931 pro
735 865 813 930 rege
841 779 1253 931 pugnautffiislebertus

239 926 662 1080 qqqqqesseqanqrqcugilssiab
684 927 817 994 Hutone
846 937 879 995 et
900 926 1099 995 (lhuonrado
1120 928 1163 994 ad
1185 928 1253 995 An·
1352 1041 1355 1048 Ι

154 1100 205 1167 29.
239 1098 293 1200 De
315 1099 429 1165 nuntio
452 1098 508 1187 qui
530 1097 646 1164 borum
667 1109 805 1166 mortem
827 1099 898 1186 regi
921 1099 1050 1166 nuntiat
1071 1097 1149 1165 dum
1171 1096 1252 1166 ecle-

153 1268 204 1336 ao.
238 1205 322 1419 {ild
345 1193 497 1420 ὅῖηῗωὲἓ
529 1268 666 1369 nomm
693 1277 798 1368 mora
830 1267 984 1370 arturo
1099 1269 1253 1369 ‘anorum

241 1376 368 1454 ‘ncne
404 1374 471 1441 quo
516 1374 547 1452 er
570 1373 714 1452 sororem
736 1374 805 1420 srva
828 1374 948 1420 sorons
970 1373 1048 1420 suae
1166 1375 1253 1452 *oon-

154 1525 205 1591 31.
238 1435 765 1610 lddeldbidbrriodelddcliieebidcbbb
799 1523 856 1611 qui
888 1523 955 1588 ium
989 1521 1113 1590 dudum
1141 1545 1252 1611 regem

239 1607 435 1708 deseruitoet
454 1607 497 1674 ad
518 1606 717 1707 lietensew
739 1605 853 1673 urbem
874 1617 911 1674 ut
925 1617 1141 1708 congregaret
1162 1629 1252 1676 exer-

239 1693 360 1758 crtumd
383 1702 452 1775 rvrt,
475 1690 532 1758 ubr
555 1691 596 1760 de
617 1703 722 1759 morte
745 1712 859 1758 eorum
880 1691 1017 1759 audrvrt

152 1777 203 1844 32.
240 1776 291 1844 De
312 1778 427 1878 eodem
448 1777 695 1878 archiepiscopo
718 1787 820 1876 capto·
837 1787 870 1843 et
891 1776 1060 1844 custodiae
1081 1777 1210 1845 tradito.

153 1863 204 1931 33.
238 1862 292 1929 De
312 1863 468 1965 Hemnco
491 1884 548 1963 qur
567 1883 712 1963 asprore
727 1858 928 1951 prohibetur,
950 1884 992 1929 ne
1006 1863 1042 1929 in
1055 1863 1253 1930 munitiones

153 2034 204 2100 34.
237 1947 890 2184 ffdzdodddquffiubbsmodum
924 2030 967 2099 ad
996 2031 1252 2127 misericordiam

238 2140 313 2183 venr
1386 2134 1389 2142 ·

409 2199 691 2269 EXPLIOIUN'I'
711 2198 950 2269 OAPITULA.

152 2579 156 2586 ,
245 2507 437 2576 *INCIPIT
459 2507 597 2576 LIBER
620 2507 835 2592 QUARTUS
857 2506 1112 2576 FELICITER.
1261 2531 1363 2589 mars.

196 2651 223 2714 1.
268 2646 436 2716 Hactenus
468 2670 552 2738 quae
585 2649 712 2738 digesta
745 2661 828 2734 sunt,
864 2647 1016 2716 sacerdos
1038 2647 1249 2734 sanctissime,

109 2734 193 2799 sicut
214 2756 234 2798 a
254 2733 466 2820 gravissimis,
489 2735 546 2822 qui
568 2757 607 2802 ea
629 2737 822 2818 creverant',
845 2735 922 2799 viris
944 2732 1066 2817 audivi,
1093 2734 1267 2822 exposui3‘
1283 2743 1300 2785 ι
1316 2753 1336 2785 0·
1450 2742 1454 2750 '

109 2831 272 2885 caeterum
296 2839 380 2907 quae
400 2817 564 2884 narranda
587 2831 671 2904 sunt,
700 2820 746 2886 ita
767 2831 805 2885 ut
827 2820 884 2909 qui
905 2817 1116 2904 interfuerim,
1145 2802 1373 2907 epr·'¹⁶‘“⁸‘·

109 2902 201 2969 cabo.
254 2901 306 2968 Ea
338 2902 500 2992 siqnidem
536 2913 728 2992 tempestate
764 2913 872 2971 tantus
909 2924 998 2969 eram
1046 2904 1133 2992 quod
1162 2903 1249 3004 regis

108 2988 165 3053 Hu
189 2988 260 3054 onis
281 2991 419 3075 gratiam
441 2987 541 3054 michi
563 2990 653 3056 vocis
675 2988 846 3056 dulcedine
861 2952 1084 3078 adquirebam.
1114 2988 1147 3055 Is
1162 3010 1249 3054 enuu
1327 2995 1372 3023 ·‘

109 3010 304 3171 eufirpniam
326 3073 423 3160 adeo*
445 3072 611 3162 diligebat,
633 3076 667 3140 in
690 3096 755 3163 qua
777 3097 830 3140 me
850 3072 1057 3162 coequalium
1072 3091 1411 3161 puerorumwurs.

107 3179 205 3225 nemo
219 3155 356 3224 Vincere
379 3166 516 3246 poterat
557 3245 560 3248 Α
1380 3210 1384 3216 -

194 3241 225 3309 2.
268 3241 374 3329 Igitur
394 3264 454 3308 rex
468 3242 569 3331 Hugo
592 3242 671 3309 dnm
692 3244 879 3332 prosperari
901 3239 964 3308 sibi
986 3253 1104 3309 cuncta
1124 3242 1409 3331 promi-cassu.

109 3338 205 3412 ceret,
237 3325 341 3392 filium
374 3349 468 3393 suum
501 3328 703 3412 Lotharium,
737 3351 835 3417 quern
870 3349 913 3394 ex
944 3324 1032 3393 Alda
1057 3347 1161 3394 uxore
1191 3348 1250 3394 sua

149 3423 276 3496 nuerat,
312 3414 440 3479 cunctis
477 3411 710 3497 coniventibus,
747 3424 823 3502 post
858 3434 893 3479 se
925 3434 1038 3500 regem
1070 3412 1248 3479 constituit

108 3435 185 3582 guo
218 3497 404 3582 constituto,
443 3496 581 3586 qualiter
612 3497 761 3583 Romam,
794 3520 838 3565 ex
870 3519 936 3586 qua
964 3498 1104 3586 turpiter
1125 3497 1249 3564 eiectus

108 3583 223 3667 fuerat,
249 3592 359 3670 posset
380 3584 551 3670 adquirere
580 3582 754 3671 cothabat.
807 3579 952 3651 Collecta
973 3583 1085 3671 itaque
1106 3579 1249 3649 multitu·

109 3668 194 3752 dine,
216 3666 436 3757 proficiscitur
458 3666 606 3734 Romam.
656 3666 760 3735 (luins
787 3688 988 3756 quamquam
1013 3666 1086 3734 loca
1115 3674 1149 3733 et
1175 3687 1249 3754 pro

108 3753 236 3820 vincias
259 3751 471 3818 circumcirca
496 3754 613 3821 misere
640 3751 833 3838 devastaret,
860 3774 999 3841 eamque
1024 3752 1131 3841 ipsam
1158 3751 1249 3818 cotti·

86 3838 208 3906 'diano
236 3838 362 3938 impetu
388 3839 594 3925 inpugnaret,
623 3835 829 3924 ingrediendi
859 3848 970 3904 tamen
999 3858 1072 3903 eam
1099 3835 1250 3904 effectum

109 3944 175 3990 non
196 3933 304 4012 potuit
325 3921 503 3990 obtinere¹⁸
1261 3944 1387 3991 ros-sse.

110 4087 134 4139 a)
149 4087 294 4131 annana
356 4085 380 4140 e)
394 4087 527 4130 sermon·
544 4089 564 4131 r.
619 4085 640 4139 a)
656 4087 729 4130 rom
745 4089 804 4144 aaa
816 4089 892 4140 msa
908 4069 945 4130 vn
960 4088 1112 4139 amenum.
1173 4085 1198 4141 o>
1212 4096 1252 4131 sx-

110 4148 184 4191 erctttt
199 4147 258 4188 tirso
273 4145 342 4188 deleta
358 4150 379 4190 1.
567 4177 569 4181 -

113 4279 141 4350 1)
160 4280 310 4335 Flodoardi
329 4284 401 4333 Anu.
421 4281 491 4333 983:
510 4281 594 4352 Ilugo
613 4297 661 4335 rex
680 4281 780 4336 Italiae
800 4282 914 4336 Romam
935 4279 1052 4337 obsIdet
