2932 4718
214 246 249 298 at
363 244 595 300 umbratam
615 243 880 300 anuasoooffls.
918 244 993 306 1213,
1009 244 1058 299 IV.
1096 242 1217 300 28-29.

153 415 457 506 ssaapologeticum
479 413 584 482 dedit:
610 411 681 497 ‘llli,
704 413 785 503 quid
806 413 987 516 superbae
1013 437 1049 482 re
1070 415 1218 496 sentiam,
1240 414 1348 483 verbis
1373 428 1379 446 ⁸

214 503 286 592 ipse
306 502 415 591 potius
437 498 609 588 explicabo
632 521 730 588 quam
751 502 891 566 nuntirs’.
922 498 1020 583 Quod
1035 501 1092 589 qui
1110 499 1170 568 hos
1184 497 1350 568 direxerat

214 586 360 672 audiens,
381 587 529 652 inmensa
550 594 599 652 est
619 584 720 650 animi
742 584 877 653 affectus
898 583 1016 669 leticia,
1038 607 1183 675 sperans,
1205 608 1240 652 se
1260 585 1350 674 quod
1449 667 1452 672 1

442 672 450 688 .
987 680 1001 715 ¹
1033 671 1040 686 .
1131 672 1138 687 .

213 668 1350 858 attatum&litttffffpttltaffitt

215 840 280 912 Oui
310 865 380 926 rex,
412 839 534 931 populo
565 840 811 908 circumstante:
854 838 1052 925 ‘Oboedrrc‘,
1079 843 1195 931 inquit,
1232 844 1351 932 ‘magis

214 937 341 1018 oportet
367 927 429 996 deo
457 949 557 1016 quam
585 925 781 993 hominibus.
839 926 922 1010 Quis
956 927 1044 994 enim
1072 949 1188 994 sanum
1218 929 1350 1029 sapiens

212 1184 287 1252 bus.
331 1181 430 1267 Quod
457 1181 606 1272 quamvis
625 1205 646 1248 a
664 1120 856 1249 Idoctoribus
882 1180 1070 1271 spiritaliter
1095 1181 1351 1270 intellegendum

215 1292 288 1338 esse
308 1268 505 1358 predicetur,
526 1289 589 1355 ego
614 1277 724 1334 tamen
749 1268 827 1334 satis
854 1288 907 1334 ms
934 1265 1013 1335 dare
1041 1277 1190 1335 sanctum
1212 1267 1349 1336 canibus

215 1374 342 1439 censeo,
364 1355 393 1420 si
414 1352 684 1421 monasteriorum
727 1351 828 1437 radia,
851 1375 936 1442 quae
956 1375 977 1419 a
997 1350 1157 1440 religiosis
1179 1354 1262 1421 viris
1285 1353 1347 1421 deo

214 1450 291 1508 sunt
304 1437 517 1506 militantibus
531 1437 659 1522 tradita,
721 1460 787 1520 ero,
801 1437 977 1526 seculoque
991 1436 1205 1506 militantibus
1220 1437 1351 1507 dedero.

214 1524 291 1593 Tibi
326 1547 404 1592 vero
439 1534 507 1591 tem
539 1523 719 1612 procaciter
748 1525 869 1590 iniusta
899 1524 1031 1612 petenti,
1068 1521 1130 1590 sub
1163 1525 1349 1592 testimonio

215 1612 314 1679 totius
334 1607 457 1699 populi,
485 1631 545 1676 nec
571 1607 633 1675 hoc
658 1631 731 1702 nec
745 1608 836 1676 aliud
864 1619 896 1675 te
923 1630 1079 1696 umquam
1106 1631 1128 1677 a
1155 1631 1208 1676 me
1235 1631 1351 1700 accep·

215 1705 325 1762 turum
347 1717 418 1762 esse
439 1693 603 1762 testificor.
648 1693 685 1762 Si
700 1694 792 1761 cordi
804 1694 866 1761 tibi
880 1705 929 1761 est
943 1695 1057 1762 ceteris
1072 1716 1149 1760 cum
1162 1693 1350 1763 infidelibus

214 1778 355 1864 avolare,
376 1790 496 1868 quanto
519 1781 625 1863 citius,
647 1790 736 1846 tanto
750 1779 886 1846 melius'.
930 1778 992 1845 His
1007 1778 1136 1862 auditis,
1159 1781 1238 1867 quia
1251 1779 1350 1849 facies

215 1867 333 1934 mentis
360 1876 409 1932 est
440 1863 610 1964 speculum
647 1865 784 1947 cordisl’,
819 1865 1050 1932 verecundiam
1084 1863 1194 1932 vultus
1230 1862 1350 1934 rubore

214 1951 361 2034 nudavit,
384 1960 595 2050 concitusque
616 1951 701 2037 regis
727 1949 770 2017 ad
796 1949 897 2038 pedes
927 1972 1091 2030 corruens,
1121 1973 1156 2017 se
1183 1971 1350 2038 peccasse,

215 2060 250 2104 se
271 2038 414 2125 graviter
434 2033 498 2102 deli
523 2057 620 2118 uisse,
643 2035 808 2104 confessus
830 2045 888 2102 est.
939 2034 1109 2136 Perpende
1133 2037 1254 2124 itaque,
1284 2057 1350 2125 qua
1375 2073 1379 2080 ·

216 2121 416 2189 constantia⁰
521 2131 574 2188 eta
600 2121 653 2188 dei
683 2143 750 2188 non
779 2119 884 2187 solum
916 2118 1063 2188 visibiles
1105 2143 1219 2188 verum
1251 2123 1351 2189 etiam

215 2205 394 2275 invisibiles
416 2217 560 2274 conterat
581 2205 704 2291 hostes;
733 2207 887 2295 antiquus
913 2207 1033 2273 etenim
1058 2170 1160 2273 bostis
1185 2227 1349 2274 nonaum

216 2315 251 2361 se
283 2293 436 2360 nocuisse
467 2292 605 2380 putavit,
634 2291 714 2358 dum
745 2300 793 2358 tot
823 2291 1014 2358 fortissimos
1042 2292 1205 2380 principes
1237 2301 1351 2359 cont-a

216 2376 308 2480 illum
323 2400 455 2478 surgere
469 2378 639 2479 persuasit,
655 2377 787 2478 fratrem
801 2379 909 2461 edam,
929 2377 986 2465 qui
1001 2378 1031 2443 ei
1045 2399 1184 2466 regnum
1197 2375 1351 2479 auferret,

215 2473 785 2649 fflffittalffltffit
806 2461 1351 2642 &ustilliacum

217 2633 350 2701 ditatam
368 2635 529 2715 incitavit,
552 2635 704 2721 quatinus
726 2656 765 2700 eo
786 2655 847 2699 rex
867 2631 1014 2699 velocius
1042 2632 1198 2699 offensam
1227 2631 1281 2700 dei
1302 2634 1351 2701 in·

216 2729 370 2803 curreret,
393 2740 458 2807 quo
480 2740 650 2785 servorum
677 2718 731 2785 dei
757 2716 919 2806 stipendia
948 2718 1016 2784 suis
1045 2718 1164 2784 iniuste
1190 2715 1349 2786 militibus

216 2804 365 2872 traderet.
414 2803 535 2870 Verum
557 2805 635 2892 quia
656 2804 812 2892 nequivit,
834 2824 932 2887 nunc,
954 2813 1112 2891 quantum
1133 2825 1193 2871 rex
1207 2813 1349 2888 saumas,

101 2972 102 2975 Ἴ
217 2888 259 2957 ob
290 2888 510 2976 temptationis
542 2886 639 2955 huius
672 2890 886 2967 constantiam
919 2888 980 2956 deo
1012 2909 1072 2976 pro
1104 2910 1140 2955 sc
1172 2899 1348 2977 pugnante,
1399 2951 1402 2955 ,

217 2975 364 3057 creverit,
386 2975 420 3040 in
442 2973 587 3041 medium
608 2977 820 3063 proferamus.

149 3078 206 3134 (ro.)
301 3060 353 3126 29.
398 3058 509 3125 David
529 3071 659 3126 sanctus
680 3083 722 3126 ex
736 3082 875 3148 persona
889 3058 1012 3125 domini
1028 3058 1121 3126 dicit:
1143 3058 1192 3126 ‘Si
1208 3058 1349 3148 populus

77 3140 307 3212 1''·⁸⁰2¹⁴·meus
328 3144 473 3211 audisset
494 3168 556 3228 me,
589 3143 711 3214 Israhel
738 3147 766 3211 si
793 3146 827 3209 in
853 3146 915 3210 viis
941 3145 1022 3210 meis
1048 3142 1255 3228 ambulasset,
1289 3167 1349 3234 pro

216 3229 336 3296 nichilo
357 3229 492 3296 forsitan
514 3231 683 3296 inimicosl
711 3252 824 3296 eorum
849 3229 1082 3314 humiliassem,
1108 3241 1140 3297 et
1169 3251 1268 3319 super
1294 3231 1349 3296 tri·

216 3312 363 3383 bulantes
386 3337 442 3383 eos
469 3317 628 3383 misissem
656 3320 789 3382 manum
816 3314 940 3382 meam’.
994 3313 1092 3399 Quod
1120 3316 1156 3381 in
1181 3312 1245 3381 hoc
1272 3337 1350 3403 rege

217 3398 385 3466 domiuum
406 3399 558 3468 audiente
579 3412 678 3490 atque
704 3403 738 3466 in
765 3402 826 3467 viis
853 3402 923 3468 eius
951 3398 1138 3467 ambulante
1164 3422 1235 3467 esse
1262 3422 1349 3467 com·

216 3483 350 3574 pletum,
373 3507 472 3587 quam
485 3497 695 3575 prompturus
710 3508 793 3568 sum,
816 3488 900 3552 ratio
914 3484 1102 3554 declarabit
1140 3484 1348 3552 Heverardus

215 3581 314 3658 atque
343 3569 555 3654 Gralebertus,
587 3570 699 3638 audito
726 3592 837 3659 regem
863 3573 899 3637 in
924 3570 1050 3637 Alsatia
1080 3592 1161 3654 esse,
1195 3571 1349 3659 quoniam

215 3657 388 3740 neminem,
434 3658 469 3722 ui
491 3657 537 3722 eis
563 3658 735 3738 resisteret,
764 3655 969 3739 verebantur,
1001 3677 1181 3745 permagno
1214 3653 1349 3722 collecw

216 3743 371 3824 exercitu,
392 3741 422 3808 R
446 3743 498 3808 eni
512 3739 641 3809 alveum
656 3742 698 3809 ad
712 3742 927 3810 Andemacha
940 3752 1177 3831 pertranseunt,
1196 3742 1349 3830 regisque

215 3824 326 3893 fideles
348 3828 539 3916 circumqua
563 3850 604 3894 ue
626 3826 774 3894 demoliri
796 3827 984 3916 procedunt
1029 3825 1120 3893 Huto
1142 3848 1230 3910 sane,
1252 3825 1350 3893 Heri·

216 3914 325 3978 manni
348 3911 530 3980 Suevorum
541 3851 645 3979 tducis
666 3912 773 3996 frater,
795 3934 921 3979 necnon
942 3922 975 3978 et
994 3909 1211 3979 Ohuonradus
1230 3932 1349 4013 cogno·

215 4007 324 4064 mento
347 3996 495 4085 Sapiens,
517 4019 599 4086 quos
621 4000 770 4086 superius
792 4000 861 4087 regi
879 3997 1023 4064 diximus
1039 4019 1110 4064 esse
1124 3995 1245 4082 fideles,
1268 3998 1349 4086 rpsis

216 4160 240 4263 p)
257 4173 324 4264 pnprsi
338 4166 394 4266 1.1
434 4162 721 4217 annumeraratas
738 4162 1034 4215 cordtspuactatabcatar
1052 4164 1071 4205 1.
1156 4162 1178 4216 c)
1196 4165 1311 4208 costantu
1328 4165 1349 4207 1.

232 4229 240 4274 t
266 4233 366 4265 amous
397 4250 402 4263 .
