2932 4718
244 233 479 289 LIUDPRANDI
499 234 767 289 nnTnPODOSIS.
805 236 880 290 LIB.
898 237 938 290 11.
978 237 1099 290 61-64,
1213 239 1248 292 to

108 407 231 474 nuntiis
260 405 407 490 directis,
441 405 528 471 hunc
555 406 682 490 venire,
712 406 950 494 Berengarium
976 431 1054 475 vero
1088 408 1250 497 expellere

131 503 232 560 etunt.

109 517 130 582 p
193 579 245 646 61.
278 576 368 642 inter
389 575 554 663 agendum
576 587 684 643 autem
707 578 851 665 contigit,
875 577 1065 665 Hungarios
1083 578 1249 647 Veronam
1259 593 1313 638 ⁹21·

109 662 157 729 his
180 660 407 750 ignorantibus
433 659 645 745 advenisse¹3
669 684 811 751 quorum
839 661 905 729 duo
934 685 970 730 re
993 687 1028 730 es
1054 663 1187 731 Dursdc
1217 675 1250 732 et

110 748 219 835 Bugat
252 748 441 813 amicissimi
470 746 669 836 Berengario
700 747 838 815 fuerant.
881 685 1078 816 Adelbertns
1110 750 1251 839 denique

111 831 254 899 marchio
287 844 386 921 atque
415 830 587 899 Odelricus
621 854 729 898 comes
757 831 883 921 palatii,
919 832 1120 902 Gislebertus
1153 835 1251 902 etiam

111 940 230 1000 comes,
252 917 428 1018 pluresque
451 917 522 1001 alii,
552 916 631 983 dum
660 920 694 983 in
716 919 878 986 montanis
900 918 1077 986 Brixianae
1100 921 1251 1004 civitatis,

134 1025 197 1070 uae
219 1003 247 1070 L
269 1003 416 1070 miliariis
440 1003 569 1070 Verona
590 1002 720 1086 distat¹,
742 1003 969 1071 conventicula
997 1004 1038 1072 ob
1060 1004 1253 1093 Berengarii

111 1027 326 1157 deiectionem
347 1089 513 1170 haberent,
542 1090 671 1177 rogavit
691 1089 907 1177 Berengarius
934 1089 1138 1177 Hungarios,
1167 1101 1203 1157 ut
1226 1091 1254 1156 si

112 1198 147 1242 se
160 1186 318 1257 amarent,
342 1197 380 1241 su
404 1197 440 1241 er
460 1175 611 1240 inimicos
626 1196 702 1242 suos
723 1175 893 1243 irruerem
936 1174 982 1240 Hi
996 1197 1086 1260 vero,
1110 1185 1147 1242 ut
1161 1186 1253 1242 erant

102 1260 203 1328 'necis
226 1259 324 1342 avidi,
346 1197 489 1328 bellandi
511 1258 624 1348 cupidi
633 1271 655 1344 ¹,
678 1260 912 1347 aBerengario
934 1282 1013 1326 mox
1035 1260 1178 1363 preduce
1200 1282 1254 1326 ac·

113 1356 218 1434 cepto,
245 1369 305 1434 per
325 1347 453 1432 ignotas
473 1345 544 1411 vias
566 1366 586 1409 a
613 1356 705 1431 tergo
727 1344 786 1410 hoa
808 1367 913 1434 usque
935 1345 1128 1430 advemunt3
1150 1356 1254 1412 tanta·

114 1454 177 1521 que
199 1429 270 1496 illos
291 1440 370 1497 trmc
392 1429 555 1497 celeritate
576 1429 775 1513 confodiunt,
798 1441 835 1496 ut
856 1452 917 1498 nec
940 1431 1098 1499 induendi
1120 1430 1254 1521 quidem

113 1514 304 1583 sumendive
319 1537 411 1580 arma
425 1516 566 1603 spatium
589 1515 708 1583 habere
724 1516 862 1605 quirent
908 1513 1020 1604 Captis
1043 1518 1054 1581 i
1080 1518 1143 1583 'tur
1158 1518 1254 1584 cesis-

137 1624 179 1668 ue
201 1600 328 1684 multis,
358 1599 530 1668 Odelricus
551 1600 664 1688 palatii
694 1622 818 1684 comes,
848 1602 905 1691 qui
933 1624 968 1667 se
990 1623 1056 1668 non
1102 1600 1254 1668 viriliter⁰

114 1625 319 1770 latendum,
348 1684 524 1769 occiditur,
554 1684 752 1752 Adelbertus
780 1697 890 1754 autem
920 1687 1065 1753 marchio
1095 1699 1127 1754 et
1151 1685 1254 1754 Gisle-

114 1771 226 1840 bertus
247 1773 315 1838 vivi
337 1771 520 1859 capiuntur.
634 1794 639 1802 ·

200 1858 251 1924 62.
284 1857 407 1923 Verum
428 1855 643 1940 Adelbertns,
671 1867 709 1923 ut
737 1868 807 1924 erat
835 1859 886 1923 vir
911 1878 978 1922 non
1000 1855 1173 1925 bellicosus
1196 1855 1254 1924 sed

117 1943 325 2032 sagacitatis<1
354 1942 518 2031 nimieque
554 1940 758 2026 calliditatis,
795 1943 873 2009 dum
906 1945 1036 2010 inruere
1066 1941 1100 2007 H
1188 1943 1253 2008 rios

116 2027 261 2118 undique
285 2037 444 2111 cerneret,
476 2038 626 2116 essetque
654 2026 701 2092 illi
727 2027 875 2117 fugiendi
902 2050 979 2117 spes
1007 2028 1111 2094 omnis
1134 2049 1155 2092 a
1178 2025 1254 2112 lata,

115 2112 259 2186 balteum
280 2111 488 2202 armillasque
507 2134 623 2179 aureas
638 2135 832 2203 omnemque
849 2111 1256 2216 preciosumabparatum

138 2199 268 2281 roiecit,
295 2197 481 2286 vilibusque
504 2221 539 2265 se
559 2197 671 2264 militis
694 2200 745 2264 sui
767 2199 874 2266 indmt
894 2199 1114 2280 vestimentis,
1142 2220 1184 2264 ne
1211 2197 1254 2265 ab

150 2284 296 2372 ungariis
318 2284 377 2372 qui
397 2294 483 2352 esset
504 2282 734 2351 dinosceretur.
779 2283 904 2384 Captus
926 2285 1037 2373 itaque
1059 2283 1256 2358 sciscitatus·

140 2392 191 2454 ue,
214 2370 289 2470 quis
311 2377 410 2454 esset,
439 2366 551 2435 militis
572 2368 742 2435 cuiusdam
770 2368 906 2437 mihtem
928 2391 963 2436 se
985 2388 1056 2436 esse
1077 2367 1255 2456 respondit

116 2392 321 2543 bogamtque
350 2476 386 2520 se
413 2452 457 2519 ad
483 2455 627 2520 vicinum
656 2453 841 2539 castellum,
870 2452 1031 2521 vocabulo
1061 2451 1255 2536 Oaleinaria,

118 2540 204 2625 duci,
225 2543 261 2607 in
282 2561 348 2628 quo
370 2549 531 2627 parentes,
554 2541 610 2629 qui
633 2562 708 2606 eum
736 2539 942 2622 redimerent,
971 2563 1006 2606 se
1029 2537 1148 2605 habere
1170 2559 1256 2605 asse·

117 2623 219 2692 rebat
263 2625 392 2691 Ductus
406 2625 515 2713 igitur,
561 2627 617 2691 uia
631 2647 696 2691 non
710 2627 850 2714 agnitus,
871 2624 1028 2692 vilissimo
1050 2624 1154 2713 pretio
1169 2644 1256 2690 com·

116 2722 259 2800 paratur.
303 2710 394 2776 Emit
414 2722 523 2777 autem
539 2648 635 2776 blunt
657 2734 735 2777 suus
763 2712 868 2799 ipsius
890 2709 997 2794 miles,
1024 2711 1154 2775 nomine
1176 2707 1255 2775 Leo.

203 2798 256 2863 63.
280 2792 482 2862 Gislebertus
498 2795 648 2884 denique,
664 2798 742 2885 quia
755 2799 894 2884 agnitus,
910 2794 1101 2884 flagellatus,
1115 2795 1255 2879 vinctus,
1266 2818 1323 2872 (ιι.)
1442 2862 1443 2865 ,

116 2880 317 2964 seminudus,
339 2891 414 2947 ante
435 2881 522 2970 regis
545 2882 735 2970 Berengarii
780 2882 953 2949 resentiam
976 2880 1115 2947 ducitur.
1144 2878 1257 2945 Enim·

118 2988 195 3033 vero
224 2965 302 3032 dum
331 2979 407 3033 ante
439 2989 514 3035 eum
536 2969 605 3032 sine
627 2904 844 3051 femorallbus‚
873 2978 965 3033 curta
986 2965 1120 3031 indutus
1142 2963 1256 3030 andro·

118 3052 224 3136 made,
240 3050 368 3135 ductus,
383 3055 472 3140 regis
486 3051 529 3118 ad
544 3051 644 3141 pedes
659 3075 781 3152 pronus
793 3054 919 3119 concite
935 3051 1074 3134 caderet,
1088 3051 1123 3115 in
1134 3051 1257 3138 genita·

117 3136 199 3203 lium
214 3139 398 3204 ostensione
409 3137 631 3205 membrorum
646 3161 714 3203 risu
726 3161 837 3205 omnes
850 3139 1025 3205 emoririer.
1054 3136 1126 3202 Rex
1136 3143 1256 3218 autem,

119 3223 250 3324 pietatis
270 3233 308 3289 ut
328 3233 398 3291 erat
419 3235 553 3306 amator,
575 3223 798 3289 misericordia
813 3245 897 3312 quae
911 3221 958 3288 illi
973 3219 1063 3286 nulla
1077 3217 1269 3286 debebatur

120 3307 304 3392 melinatus,
327 3310 358 3374 ei
378 3329 455 3392 non,
476 3318 514 3374 ut
534 3331 578 3397 po
602 3307 676 3374 ulus
699 3331 718 3374 o
742 3309 833 3392 tavit,
854 3308 977 3374 malum
998 3329 1057 3407 pro
1079 3304 1165 3370 malo
1186 3303 1421 3380 red-nomime.

122 3391 219 3478 didit3
242 3415 357 3460 verum
379 3394 548 3460 confestim
576 3332 679 3460 lbtum
706 3331 902 3494 obtimisque
930 3393 1075 3459 vestibus
1096 3390 1258 3474 indutum,

121 3502 196 3545 eum
221 3477 313 3546 abire
334 3479 513 3579 permisit⁶.
558 3479 621 3547 Oui
643 3488 675 3546 et
695 3479 754 3546 ait:
785 3478 1023 3545 ‘lusrurandum
1047 3498 1067 3543 a
1086 3486 1119 3542 te
1133 3473 1259 3541 nullum

122 3566 236 3653 exigo,
269 3563 345 3631 fider
374 3575 450 3632 tuae
465 3576 511 3630 te
539 3565 650 3653 ipsum
677 3563 861 3647 committo,
894 3564 922 3630 si
950 3559 1033 3629 male
1060 3570 1174 3628 contra
1205 3581 1259 3626 me
1379 3608 1381 3611 -

122 3650 238 3738 egeris,
259 3650 419 3717 rationem
440 3648 746 3717 redditmnmdeo'.

208 3737 261 3804 64.
291 3734 392 3802 Hunc
420 3733 561 3824 denique
588 3735 631 3801 ad
653 3735 786 3824 propria
811 3732 1000 3801 redeuntem
1044 3730 1130 3820 regis
1159 3751 1261 3818 gener

123 3818 318 3888 Adelbertns
346 3823 510 3909 ceterique
539 3821 595 3910 qui
622 3842 696 3886 cum
727 3843 766 3887 eo
795 3817 892 3886 simul
918 3816 976 3885 reb
1020 3840 1053 3885 es
1077 3817 1260 3900 extiterant,

122 3906 249 3993 accepti
270 3907 481 3974 inmemorem
495 3905 649 3990 benefitii,
673 3906 714 3972 ob
736 3904 924 3988 Rodulfitm,
945 3913 983 3970 ut
1001 3899 1260 3985 adveniat,·diri·

126 4069 150 4124 a)
166 4071 239 4114 dictat
256 4074 276 4115 1.
331 4071 355 4125 b)
372 4083 394 4116 v.
410 4084 434 4114 n.
450 4071 472 4114 t.
489 4072 532 4114 bu.
585 4073 607 4124 e)
624 4071 766 4114 inviriliter?
818 4069 842 4125 d)
858 4071 989 4122 maritans
1006 4072 1028 4112 1.
1072 4067 1098 4122 e)
1114 4067 1223 4120 promisit
1239 4068 1260 4109 1.

126 4204 156 4346 ἐξ
174 4206 218 4338 g.
237 4207 308 4261 dnn.
326 4209 476 4335 Benprant.
497 4206 566 4260 922:
592 4207 706 4274 Ungarii
726 4205 836 4260 Italiam
855 4208 1024 4258 intraverunt
1051 4204 1106 4256 iam
1130 4199 1262 4256 secundo.

209 4324 215 4338 .
235 4298 318 4352 snpra
338 4299 361 4336 c.
402 4320 408 4335 .

990 4383 1006 4431 4
