<?xml version="1.0" encoding="UTF-8"?>
<!DOCTYPE html PUBLIC "-//W3C//DTD XHTML 1.0 Transitional//EN"
    "http://www.w3.org/TR/xhtml1/DTD/xhtml1-transitional.dtd">
<html xmlns="http://www.w3.org/1999/xhtml" xml:lang="en" lang="en">
 <head>
  <title>
</title>
<meta http-equiv="Content-Type" content="text/html;charset=utf-8" />
  <meta name='ocr-system' content='tesseract 3.04.00' />
  <meta name='ocr-capabilities' content='ocr_page ocr_carea ocr_par ocr_line ocrx_word'/>
</head>
<body>
  <div class='ocr_page' id='page_1' title='image "./operaomnia00liudgoog_0084.png"; bbox 0 0 2932 4718; ppageno 0'>
   <div class='ocr_carea' id='block_1_1' title="bbox 240 210 1223 268">
    <p class='ocr_par' dir='ltr' id='par_1_1' title="bbox 240 210 1223 268">
     <span class='ocr_line' id='line_1_1' title="bbox 240 210 1223 268; baseline 0 -2"><span class='ocrx_word' id='word_1_1' title='bbox 240 213 276 266; x_wconf 71' lang='lat'>58</span> <span class='ocrx_word' id='word_1_2' title='bbox 396 211 916 268; x_wconf 71' lang='lat' dir='ltr'>uunrssrtm&#39;surar’onosts.</span> <span class='ocrx_word' id='word_1_3' title='bbox 953 210 1026 267; x_wconf 60' lang='lat'>1218.</span> <span class='ocrx_word' id='word_1_4' title='bbox 1046 211 1099 266; x_wconf 89' lang='lat'>111.</span> <span class='ocrx_word' id='word_1_5' title='bbox 1137 211 1223 266; x_wconf 73' lang='grc'><strong>6-8.</strong></span> 
     </span>
    </p>
   </div>
   <div class='ocr_carea' id='block_1_2' title="bbox 29 380 1381 538">
    <p class='ocr_par' dir='ltr' id='par_1_2' title="bbox 29 380 1381 538">
     <span class='ocr_line' id='line_1_2' title="bbox 29 380 1381 470; baseline 0.004 -27"><span class='ocrx_word' id='word_1_6' title='bbox 29 461 31 463; x_wconf 15' lang='lat'><strong><em>¹</em></strong></span> <span class='ocrx_word' id='word_1_7' title='bbox 178 395 277 457; x_wconf 72' lang='lat' dir='ltr'>orant</span> <span class='ocrx_word' id='word_1_8' title='bbox 296 381 464 451; x_wconf 77' lang='lat' dir='ltr'>letabundi</span> <span class='ocrx_word' id='word_1_9' title='bbox 486 391 639 449; x_wconf 87' lang='lat' dir='ltr'>canerent</span> <span class='ocrx_word' id='word_1_10' title='bbox 660 402 735 448; x_wconf 89' lang='lat' dir='ltr'>cum</span> <span class='ocrx_word' id='word_1_11' title='bbox 756 380 932 470; x_wconf 86' lang='lat' dir='ltr'>propheta:</span> <span class='ocrx_word' id='word_1_12' title='bbox 953 381 1036 449; x_wconf 78' lang='lat' dir='ltr'>‘Hec</span> <span class='ocrx_word' id='word_1_13' title='bbox 1050 392 1101 450; x_wconf 91' lang='lat' dir='ltr'>est</span> <span class='ocrx_word' id='word_1_14' title='bbox 1113 383 1285 450; x_wconf 88' lang='lat' dir='ltr'>inmutatio</span> <span class='ocrx_word' id='word_1_15' title='bbox 1301 382 1381 450; x_wconf 87' lang='lat' dir='ltr'>dex·</span> 
     </span>
     <span class='ocr_line' id='line_1_3' title="bbox 96 463 490 538; baseline -0.008 -2"><span class='ocrx_word' id='word_1_16' title='bbox 96 463 328 537; x_wconf 73' lang='lat' dir='ltr'>¹³⁸·“·²¹·terae</span> <span class='ocrx_word' id='word_1_17' title='bbox 348 468 458 538; x_wconf 85' lang='lat' dir='ltr'>exelsi&#39;</span> <span class='ocrx_word' id='word_1_18' title='bbox 470 481 490 533; x_wconf 90' lang='lat'>¹.</span> 
     </span>
    </p>
   </div>
   <div class='ocr_carea' id='block_1_3' title="bbox 135 570 1417 3594">
    <p class='ocr_par' dir='ltr' id='par_1_3' title="bbox 188 570 1381 1259">
     <span class='ocr_line' id='line_1_4' title="bbox 188 570 1381 674; baseline -0.003 -32"><span class='ocrx_word' id='word_1_19' title='bbox 188 586 230 642; x_wconf 75' lang='lat' dir='ltr'>(a)</span> <span class='ocrx_word' id='word_1_20' title='bbox 326 574 357 640; x_wconf 81' lang='lat'>5.</span> <span class='ocrx_word' id='word_1_21' title='bbox 399 571 550 640; x_wconf 75' lang='lat' dir='ltr'>Accessit</span> <span class='ocrx_word' id='word_1_22' title='bbox 571 571 613 639; x_wconf 86' lang='lat' dir='ltr'>ad</span> <span class='ocrx_word' id='word_1_23' title='bbox 634 571 697 640; x_wconf 92' lang='lat' dir='ltr'>hoc</span> <span class='ocrx_word' id='word_1_24' title='bbox 718 592 942 674; x_wconf 70' lang='lat' dir='ltr'>magnumque</span> <span class='ocrx_word' id='word_1_25' title='bbox 963 572 1120 641; x_wconf 90' lang='lat' dir='ltr'>iuvamen</span> <span class='ocrx_word' id='word_1_26' title='bbox 1141 570 1274 661; x_wconf 75' lang='lat' dir='ltr'>prebuit</span> <span class='ocrx_word' id='word_1_27' title='bbox 1288 592 1381 639; x_wconf 88' lang='lat' dir='ltr'>sanc·</span> 
     </span>
     <span class='ocr_line' id='line_1_5' title="bbox 240 656 1380 746; baseline -0.002 -19"><span class='ocrx_word' id='word_1_28' title='bbox 240 658 375 727; x_wconf 78' lang='lat' dir='ltr'>tissimi·</span> <span class='ocrx_word' id='word_1_29' title='bbox 396 659 497 746; x_wconf 86' lang='lat' dir='ltr'>patn‘s</span> <span class='ocrx_word' id='word_1_30' title='bbox 527 658 630 724; x_wconf 72' lang='lat' dir='ltr'>noemi</span> <span class='ocrx_word' id='word_1_31' title='bbox 658 657 866 746; x_wconf 77' lang='lat' dir='ltr'>doctorisque</span> <span class='ocrx_word' id='word_1_32' title='bbox 887 658 1011 746; x_wconf 77' lang='lat' dir='ltr'>egregii</span> <span class='ocrx_word' id='word_1_33' title='bbox 1037 657 1126 725; x_wconf 87' lang='lat' dir='ltr'>beati</span> <span class='ocrx_word' id='word_1_34' title='bbox 1156 656 1255 742; x_wconf 82' lang='lat' dir='ltr'>sIRI,</span> <span class='ocrx_word' id='word_1_35' title='bbox 1284 657 1380 725; x_wconf 85' lang='lat' dir='ltr'>cuius</span> 
     </span>
     <span class='ocr_line' id='line_1_6' title="bbox 239 741 1379 845; baseline -0.001 -34"><span class='ocrx_word' id='word_1_36' title='bbox 239 744 276 811; x_wconf 89' lang='lat' dir='ltr'>in</span> <span class='ocrx_word' id='word_1_37' title='bbox 303 743 429 833; x_wconf 83' lang='lat' dir='ltr'>prefata</span> <span class='ocrx_word' id='word_1_38' title='bbox 459 741 541 811; x_wconf 87' lang='lat' dir='ltr'>urbe</span> <span class='ocrx_word' id='word_1_39' title='bbox 572 743 782 845; x_wconf 79' lang='lat' dir='ltr'>requiescunt</span> <span class='ocrx_word' id='word_1_40' title='bbox 812 741 972 810; x_wconf 79' lang='lat' dir='ltr'>erravissel</span> <span class='ocrx_word' id='word_1_41' title='bbox 1005 744 1193 811; x_wconf 72' lang='lat' dir='ltr'>intercessio</span> <span class='ocrx_word' id='word_1_42' title='bbox 1226 741 1379 832; x_wconf 82' lang='lat' dir='ltr'>gloriosa.</span> 
     </span>
     <span class='ocr_line' id='line_1_7' title="bbox 240 825 1380 917; baseline 0 -21"><span class='ocrx_word' id='word_1_43' title='bbox 240 828 291 896; x_wconf 87' lang='lat' dir='ltr'>Ac</span> <span class='ocrx_word' id='word_1_44' title='bbox 321 850 364 895; x_wconf 91' lang='lat' dir='ltr'>ne</span> <span class='ocrx_word' id='word_1_45' title='bbox 395 829 467 896; x_wconf 88' lang='lat' dir='ltr'>eins</span> <span class='ocrx_word' id='word_1_46' title='bbox 499 828 689 895; x_wconf 81' lang='lat' dir='ltr'>vaticinium</span> <span class='ocrx_word' id='word_1_47' title='bbox 722 825 896 913; x_wconf 82' lang='lat' dir='ltr'>falleretur,</span> <span class='ocrx_word' id='word_1_48' title='bbox 918 827 1067 917; x_wconf 86' lang='lat' dir='ltr'>predicta</span> <span class='ocrx_word' id='word_1_49' title='bbox 1094 829 1173 896; x_wconf 89' lang='lat' dir='ltr'>urbs</span> <span class='ocrx_word' id='word_1_50' title='bbox 1194 829 1244 896; x_wconf 86' lang='lat' dir='ltr'>Pa</span> <span class='ocrx_word' id='word_1_51' title='bbox 1267 830 1310 914; x_wconf 87' lang='lat' dir='ltr'>ia,</span> <span class='ocrx_word' id='word_1_52' title='bbox 1342 839 1380 896; x_wconf 88' lang='lat' dir='ltr'>ut</span> 
     </span>
     <span class='ocr_line' id='line_1_8' title="bbox 240 912 1380 1002; baseline -0.001 -20"><span class='ocrx_word' id='word_1_53' title='bbox 240 914 380 999; x_wconf 88' lang='lat' dir='ltr'>caderet,</span> <span class='ocrx_word' id='word_1_54' title='bbox 401 925 451 982; x_wconf 89' lang='lat' dir='ltr'>est</span> <span class='ocrx_word' id='word_1_55' title='bbox 470 912 609 1002; x_wconf 77' lang='lat' dir='ltr'>inpulsa,</span> <span class='ocrx_word' id='word_1_56' title='bbox 630 934 748 981; x_wconf 87' lang='lat' dir='ltr'>verum</span> <span class='ocrx_word' id='word_1_57' title='bbox 762 912 1015 982; x_wconf 74' lang='lat' dir='ltr'>misericorditer</span> <span class='ocrx_word' id='word_1_58' title='bbox 1033 935 1055 980; x_wconf 97' lang='lat' dir='ltr'>a</span> <span class='ocrx_word' id='word_1_59' title='bbox 1076 915 1209 982; x_wconf 90' lang='lat' dir='ltr'>domino</span> <span class='ocrx_word' id='word_1_60' title='bbox 1231 914 1255 980; x_wconf 82' lang='lat' dir='ltr'>h</span> <span class='ocrx_word' id='word_1_61' title='bbox 1297 923 1380 981; x_wconf 89' lang='lat' dir='ltr'>rata.</span> 
     </span>
     <span class='ocr_line' id='line_1_9' title="bbox 239 998 1380 1101; baseline -0.002 -33"><span class='ocrx_word' id='word_1_62' title='bbox 239 999 359 1068; x_wconf 85' lang='lat' dir='ltr'>Missus</span> <span class='ocrx_word' id='word_1_63' title='bbox 392 998 545 1090; x_wconf 80' lang='lat' dir='ltr'>equidem</span> <span class='ocrx_word' id='word_1_64' title='bbox 580 999 812 1101; x_wconf 72' lang='lat' dir='ltr'>predicationis</span> <span class='ocrx_word' id='word_1_65' title='bbox 907 1000 954 1066; x_wconf 88' lang='lat' dir='ltr'>tia</span> <span class='ocrx_word' id='word_1_66' title='bbox 984 1020 1005 1065; x_wconf 91' lang='lat' dir='ltr'>a</span> <span class='ocrx_word' id='word_1_67' title='bbox 1036 999 1132 1067; x_wconf 88' lang='lat' dir='ltr'>beato</span> <span class='ocrx_word' id='word_1_68' title='bbox 1164 998 1380 1088; x_wconf 69' lang='lat' dir='ltr'>Hermagora,</span> 
     </span>
     <span class='ocr_line' id='line_1_10' title="bbox 240 1081 1379 1175; baseline -0.003 -21"><span class='ocrx_word' id='word_1_69' title='bbox 240 1083 465 1175; x_wconf 77' lang='lat' dir='ltr'>euuangeliste</span> <span class='ocrx_word' id='word_1_70' title='bbox 495 1083 600 1151; x_wconf 75' lang='lat' dir='ltr'>Marci</span> <span class='ocrx_word' id='word_1_71' title='bbox 636 1081 814 1173; x_wconf 88' lang='lat' dir='ltr'>discipulo,</span> <span class='ocrx_word' id='word_1_72' title='bbox 885 1084 995 1172; x_wconf 83' lang='lat' dir='ltr'>opiam</span> <span class='ocrx_word' id='word_1_73' title='bbox 1031 1084 1241 1154; x_wconf 85' lang='lat' dir='ltr'>beatissimus</span> <span class='ocrx_word' id='word_1_74' title='bbox 1276 1093 1379 1173; x_wconf 85' lang='lat' dir='ltr'>pater,</span> 
     </span>
     <span class='ocr_line' id='line_1_11' title="bbox 222 1168 1282 1259; baseline -0.001 -21"><span class='ocrx_word' id='word_1_75' title='bbox 222 1169 429 1239; x_wconf 87' lang='lat' dir='ltr'>&#39;huiusmodi</span> <span class='ocrx_word' id='word_1_76' title='bbox 449 1191 522 1238; x_wconf 86' lang='lat' dir='ltr'>eam</span> <span class='ocrx_word' id='word_1_77' title='bbox 543 1168 738 1259; x_wconf 74' lang='lat' dir='ltr'>propheciae</span> <span class='ocrx_word' id='word_1_78' title='bbox 758 1168 876 1259; x_wconf 88' lang='lat' dir='ltr'>spiritu</span> <span class='ocrx_word' id='word_1_79' title='bbox 896 1170 1047 1258; x_wconf 80' lang='lat' dir='ltr'>presagio</span> <span class='ocrx_word' id='word_1_80' title='bbox 1068 1168 1282 1237; x_wconf 73' lang='lat' dir='ltr'>honoravit²z</span> 
     </span>
    </p>

    <p class='ocr_par' dir='ltr' id='par_1_4' title="bbox 326 1264 1379 1364">
     <span class='ocr_line' id='line_1_12' title="bbox 326 1264 1379 1364; baseline 0 -23"><span class='ocrx_word' id='word_1_81' title='bbox 326 1275 357 1341; x_wconf 89' lang='grc'>6.</span> <span class='ocrx_word' id='word_1_82' title='bbox 401 1270 583 1340; x_wconf 77' lang='lat' dir='ltr'>‘Delectata</span> <span class='ocrx_word' id='word_1_83' title='bbox 605 1272 746 1363; x_wconf 81' lang='lat' dir='ltr'>gaudiis,</span> <span class='ocrx_word' id='word_1_84' title='bbox 768 1273 847 1341; x_wconf 88' lang='lat' dir='ltr'>urbs</span> <span class='ocrx_word' id='word_1_85' title='bbox 868 1274 984 1364; x_wconf 87' lang='lat' dir='ltr'>Papia,</span> <span class='ocrx_word' id='word_1_86' title='bbox 1034 1274 1089 1340; x_wconf 87' lang='lat' dir='ltr'>uia</span> <span class='ocrx_word' id='word_1_87' title='bbox 1109 1275 1220 1343; x_wconf 89' lang='lat' dir='ltr'>veniet</span> <span class='ocrx_word' id='word_1_88' title='bbox 1247 1271 1309 1341; x_wconf 89' lang='lat' dir='ltr'>tibi</span> <span class='ocrx_word' id='word_1_89' title='bbox 1336 1264 1379 1341; x_wconf 85' lang='lat' dir='ltr'>ab</span> 
     </span>
    </p>

    <p class='ocr_par' dir='ltr' id='par_1_5' title="bbox 189 1296 1382 2730">
     <span class='ocr_line' id='line_1_13' title="bbox 189 1296 1380 1443; baseline -0.004 -11"><span class='ocrx_word' id='word_1_90' title='bbox 189 1428 191 1432; x_wconf 85' lang='lat'>.</span> <span class='ocrx_word' id='word_1_91' title='bbox 240 1361 384 1427; x_wconf 86' lang='lat' dir='ltr'>externis</span> <span class='ocrx_word' id='word_1_92' title='bbox 416 1359 581 1427; x_wconf 88' lang='lat' dir='ltr'>montibus</span> <span class='ocrx_word' id='word_1_93' title='bbox 611 1357 779 1427; x_wconf 84' lang='lat' dir='ltr'>exultatio.</span> <span class='ocrx_word' id='word_1_94' title='bbox 831 1358 907 1426; x_wconf 86' lang='lat' dir='ltr'>Non</span> <span class='ocrx_word' id='word_1_95' title='bbox 938 1296 1109 1428; x_wconf 74' lang='lat' dir='ltr'>vocdlreris</span> <span class='ocrx_word' id='word_1_96' title='bbox 1140 1359 1285 1443; x_wconf 85' lang='lat' dir='ltr'>minima,</span> <span class='ocrx_word' id='word_1_97' title='bbox 1322 1357 1380 1427; x_wconf 87' lang='lat' dir='ltr'>sed</span> 
     </span>
     <span class='ocr_line' id='line_1_14' title="bbox 241 1431 1379 1534; baseline -0.001 -23"><span class='ocrx_word' id='word_1_98' title='bbox 241 1446 374 1534; x_wconf 91' lang='lat' dir='ltr'>copiosa</span> <span class='ocrx_word' id='word_1_99' title='bbox 394 1446 430 1511; x_wconf 90' lang='lat' dir='ltr'>in</span> <span class='ocrx_word' id='word_1_100' title='bbox 450 1443 596 1511; x_wconf 87' lang='lat' dir='ltr'>finitimis</span> <span class='ocrx_word' id='word_1_101' title='bbox 618 1444 823 1512; x_wconf 85' lang='lat' dir='ltr'>civitatibus’.</span> <span class='ocrx_word' id='word_1_102' title='bbox 874 1431 922 1512; x_wconf 76' lang='lat' dir='ltr'>Et</span> <span class='ocrx_word' id='word_1_103' title='bbox 949 1454 986 1511; x_wconf 91' lang='lat' dir='ltr'>ut</span> <span class='ocrx_word' id='word_1_104' title='bbox 1006 1444 1068 1511; x_wconf 92' lang='lat' dir='ltr'>hoc</span> <span class='ocrx_word' id='word_1_105' title='bbox 1097 1446 1167 1512; x_wconf 90' lang='lat' dir='ltr'>eius</span> <span class='ocrx_word' id='word_1_106' title='bbox 1188 1445 1379 1511; x_wconf 79' lang='lat' dir='ltr'>vaticinium</span> 
     </span>
     <span class='ocr_line' id='line_1_15' title="bbox 240 1528 1380 1632; baseline 0 -36"><span class='ocrx_word' id='word_1_107' title='bbox 240 1529 368 1597; x_wconf 85' lang='lat' dir='ltr'>firmius</span> <span class='ocrx_word' id='word_1_108' title='bbox 396 1529 590 1615; x_wconf 83' lang='lat' dir='ltr'>crederetur,</span> <span class='ocrx_word' id='word_1_109' title='bbox 619 1528 813 1619; x_wconf 83' lang='lat' dir='ltr'>Aquilegiae</span> <span class='ocrx_word' id='word_1_110' title='bbox 839 1553 905 1598; x_wconf 93' lang='lat' dir='ltr'>non</span> <span class='ocrx_word' id='word_1_111' title='bbox 937 1533 1068 1632; x_wconf 73' lang='lat' dir='ltr'>ignotae</span> <span class='ocrx_word' id='word_1_112' title='bbox 1099 1531 1240 1598; x_wconf 89' lang='lat' dir='ltr'>civitatis</span> <span class='ocrx_word' id='word_1_113' title='bbox 1268 1551 1380 1597; x_wconf 86' lang='lat' dir='ltr'>casnm</span> 
     </span>
     <span class='ocr_line' id='line_1_16' title="bbox 240 1613 1380 1698; baseline -0.002 -16"><span class='ocrx_word' id='word_1_114' title='bbox 240 1615 303 1682; x_wconf 90' lang='lat' dir='ltr'>hac</span> <span class='ocrx_word' id='word_1_115' title='bbox 335 1614 450 1683; x_wconf 89' lang='lat' dir='ltr'>eadem</span> <span class='ocrx_word' id='word_1_116' title='bbox 484 1613 565 1682; x_wconf 85' lang='lat' dir='ltr'>hora</span> <span class='ocrx_word' id='word_1_117' title='bbox 600 1637 749 1682; x_wconf 88' lang='lat' dir='ltr'>sermone</span> <span class='ocrx_word' id='word_1_118' title='bbox 779 1614 966 1684; x_wconf 81' lang='lat' dir='ltr'>huiusmodi</span> <span class='ocrx_word' id='word_1_119' title='bbox 1002 1616 1182 1683; x_wconf 80' lang='lat' dir='ltr'>nuntiavit:</span> <span class='ocrx_word' id='word_1_120' title='bbox 1226 1615 1287 1684; x_wconf 85' lang='lat' dir='ltr'>‘Vc</span> <span class='ocrx_word' id='word_1_121' title='bbox 1309 1613 1380 1698; x_wconf 89' lang='lat' dir='ltr'>tibi,</span> 
     </span>
     <span class='ocr_line' id='line_1_17' title="bbox 241 1698 1379 1791; baseline 0.002 -25"><span class='ocrx_word' id='word_1_122' title='bbox 241 1698 427 1791; x_wconf 86' lang='lat' dir='ltr'>Aquilegia,</span> <span class='ocrx_word' id='word_1_123' title='bbox 460 1702 538 1790; x_wconf 87' lang='lat' dir='ltr'>quia</span> <span class='ocrx_word' id='word_1_124' title='bbox 567 1721 643 1767; x_wconf 91' lang='lat' dir='ltr'>cum</span> <span class='ocrx_word' id='word_1_125' title='bbox 664 1701 840 1790; x_wconf 88' lang='lat' dir='ltr'>impiorum</span> <span class='ocrx_word' id='word_1_126' title='bbox 855 1702 1026 1769; x_wconf 86' lang='lat' dir='ltr'>incesseris</span> <span class='ocrx_word' id='word_1_127' title='bbox 1042 1710 1170 1785; x_wconf 82' lang='lat' dir='ltr'>manus,</span> <span class='ocrx_word' id='word_1_128' title='bbox 1193 1700 1379 1783; x_wconf 85' lang='lat' dir='ltr'>destrueris,</span> 
     </span>
     <span class='ocr_line' id='line_1_18' title="bbox 241 1783 1379 1874; baseline 0 -22"><span class='ocrx_word' id='word_1_129' title='bbox 241 1809 302 1854; x_wconf 90' lang='lat' dir='ltr'>nec</span> <span class='ocrx_word' id='word_1_130' title='bbox 325 1784 409 1853; x_wconf 88' lang='lat' dir='ltr'>ultra</span> <span class='ocrx_word' id='word_1_131' title='bbox 430 1784 638 1854; x_wconf 86' lang='lat' dir='ltr'>reaedificata</span> <span class='ocrx_word' id='word_1_132' title='bbox 659 1786 853 1874; x_wconf 84' lang='lat' dir='ltr'>consurges’.</span> <span class='ocrx_word' id='word_1_133' title='bbox 886 1786 985 1870; x_wconf 83' lang='lat' dir='ltr'>Quod</span> <span class='ocrx_word' id='word_1_134' title='bbox 1006 1787 1052 1853; x_wconf 89' lang='lat' dir='ltr'>ita</span> <span class='ocrx_word' id='word_1_135' title='bbox 1074 1808 1147 1854; x_wconf 89' lang='lat' dir='ltr'>esse</span> <span class='ocrx_word' id='word_1_136' title='bbox 1169 1783 1379 1874; x_wconf 86' lang='lat' dir='ltr'>completum,</span> 
     </span>
     <span class='ocr_line' id='line_1_19' title="bbox 242 1870 1379 1962; baseline 0.001 -25"><span class='ocrx_word' id='word_1_137' title='bbox 242 1873 369 1940; x_wconf 89' lang='lat' dir='ltr'>visibus</span> <span class='ocrx_word' id='word_1_138' title='bbox 390 1881 505 1959; x_wconf 86' lang='lat' dir='ltr'>patens</span> <span class='ocrx_word' id='word_1_139' title='bbox 525 1874 608 1938; x_wconf 90' lang='lat' dir='ltr'>ratio</span> <span class='ocrx_word' id='word_1_140' title='bbox 629 1872 825 1940; x_wconf 88' lang='lat' dir='ltr'>manifestat.</span> <span class='ocrx_word' id='word_1_141' title='bbox 857 1871 1035 1962; x_wconf 85' lang='lat' dir='ltr'>Aquilegia</span> <span class='ocrx_word' id='word_1_142' title='bbox 1054 1893 1207 1962; x_wconf 90' lang='lat' dir='ltr'>namque,</span> <span class='ocrx_word' id='word_1_143' title='bbox 1228 1870 1379 1960; x_wconf 86' lang='lat' dir='ltr'>predives</span> 
     </span>
     <span class='ocr_line' id='line_1_20' title="bbox 241 1954 1379 2057; baseline 0.001 -35"><span class='ocrx_word' id='word_1_144' title='bbox 241 1956 340 2046; x_wconf 82' lang='lat' dir='ltr'>atque</span> <span class='ocrx_word' id='word_1_145' title='bbox 368 1957 516 2023; x_wconf 88' lang='lat' dir='ltr'>inmensa</span> <span class='ocrx_word' id='word_1_146' title='bbox 544 1954 622 2023; x_wconf 90' lang='lat' dir='ltr'>olim</span> <span class='ocrx_word' id='word_1_147' title='bbox 649 1958 773 2043; x_wconf 88' lang='lat' dir='ltr'>civitas,</span> <span class='ocrx_word' id='word_1_148' title='bbox 806 1958 848 2025; x_wconf 89' lang='lat' dir='ltr'>ab</span> <span class='ocrx_word' id='word_1_149' title='bbox 875 1958 1069 2046; x_wconf 87' lang='lat' dir='ltr'>impiissimo</span> <span class='ocrx_word' id='word_1_150' title='bbox 1099 1956 1274 2023; x_wconf 87' lang='lat' dir='ltr'>Hunorum</span> <span class='ocrx_word' id='word_1_151' title='bbox 1302 1979 1379 2057; x_wconf 73' lang='lat' dir='ltr'>rege</span> 
     </span>
     <span class='ocr_line' id='line_1_21' title="bbox 240 2040 1380 2130; baseline -0.002 -21"><span class='ocrx_word' id='word_1_152' title='bbox 240 2040 343 2109; x_wconf 77' lang='lat' dir='ltr'>Attila</span> <span class='ocrx_word' id='word_1_153' title='bbox 375 2043 504 2130; x_wconf 90' lang='lat' dir='ltr'>capitur</span> <span class='ocrx_word' id='word_1_154' title='bbox 535 2063 574 2107; x_wconf 89' lang='lat' dir='ltr'>ac</span> <span class='ocrx_word' id='word_1_155' title='bbox 600 2040 747 2110; x_wconf 83' lang='lat' dir='ltr'>funditus</span> <span class='ocrx_word' id='word_1_156' title='bbox 776 2042 855 2110; x_wconf 70' lang='lat' dir='ltr'>diam</span> <span class='ocrx_word' id='word_1_157' title='bbox 880 2054 964 2126; x_wconf 83' lang='lat' dir='ltr'>atur,</span> <span class='ocrx_word' id='word_1_158' title='bbox 995 2064 1056 2109; x_wconf 90' lang='lat' dir='ltr'>nec</span> <span class='ocrx_word' id='word_1_159' title='bbox 1086 2041 1253 2125; x_wconf 68' lang='lat' dir='ltr'>ulariw,</span> <span class='ocrx_word' id='word_1_160' title='bbox 1287 2051 1324 2109; x_wconf 91' lang='lat' dir='ltr'>ut</span> <span class='ocrx_word' id='word_1_161' title='bbox 1345 2065 1380 2107; x_wconf 92' lang='lat' dir='ltr'>m</span> 
     </span>
     <span class='ocr_line' id='line_1_22' title="bbox 240 2067 1381 2217; baseline -0.001 -23"><span class='ocrx_word' id='word_1_162' title='bbox 240 2128 477 2216; x_wconf 85' lang='lat' dir='ltr'>presentiarum</span> <span class='ocrx_word' id='word_1_163' title='bbox 499 2128 649 2212; x_wconf 86' lang='lat' dir='ltr'>cernitur,</span> <span class='ocrx_word' id='word_1_164' title='bbox 673 2127 835 2213; x_wconf 84' lang='lat' dir='ltr'>elevatur3</span> <span class='ocrx_word' id='word_1_165' title='bbox 856 2067 961 2217; x_wconf 58' lang='lat' dir='ltr'>dapia</span> <span class='ocrx_word' id='word_1_166' title='bbox 983 2150 1072 2211; x_wconf 90' lang='lat' dir='ltr'>vero,</span> <span class='ocrx_word' id='word_1_167' title='bbox 1095 2138 1133 2195; x_wconf 88' lang='lat' dir='ltr'>nt</span> <span class='ocrx_word' id='word_1_168' title='bbox 1145 2128 1197 2194; x_wconf 85' lang='lat' dir='ltr'>vir</span> <span class='ocrx_word' id='word_1_169' title='bbox 1218 2127 1381 2194; x_wconf 89' lang='lat' dir='ltr'>sanctissi-</span> 
     </span>
     <span class='ocr_line' id='line_1_23' title="bbox 242 2211 1381 2302; baseline -0.002 -22"><span class='ocrx_word' id='word_1_170' title='bbox 242 2235 316 2280; x_wconf 87' lang='lat' dir='ltr'>mus</span> <span class='ocrx_word' id='word_1_171' title='bbox 344 2212 481 2296; x_wconf 77' lang='lat' dir='ltr'>dixerat,</span> <span class='ocrx_word' id='word_1_172' title='bbox 511 2213 644 2301; x_wconf 88' lang='lat' dir='ltr'>copiosa</span> <span class='ocrx_word' id='word_1_173' title='bbox 673 2223 707 2280; x_wconf 90' lang='lat' dir='ltr'>et</span> <span class='ocrx_word' id='word_1_174' title='bbox 733 2211 894 2302; x_wconf 86' lang='lat' dir='ltr'>apellatur</span> <span class='ocrx_word' id='word_1_175' title='bbox 921 2224 954 2282; x_wconf 90' lang='lat' dir='ltr'>et</span> <span class='ocrx_word' id='word_1_176' title='bbox 982 2214 1139 2297; x_wconf 84' lang='lat' dir='ltr'>cernitur3</span> <span class='ocrx_word' id='word_1_177' title='bbox 1176 2234 1243 2279; x_wconf 90' lang='lat' dir='ltr'>non</span> <span class='ocrx_word' id='word_1_178' title='bbox 1275 2211 1381 2280; x_wconf 93' lang='lat' dir='ltr'>solum</span> 
     </span>
     <span class='ocr_line' id='line_1_24' title="bbox 242 2296 1381 2468; baseline -0.002 -16"><span class='ocrx_word' id='word_1_179' title='bbox 242 2299 366 2452; x_wconf 56' lang='lat' dir='ltr'>diii</span> <span class='ocrx_word' id='word_1_180' title='bbox 395 2296 855 2468; x_wconf 50' lang='lat' dir='ltr'>Piliiffibldhiibiiiff‘</span> <span class='ocrx_word' id='word_1_181' title='bbox 862 2296 1295 2451; x_wconf 55' lang='lat' dir='ltr'>siligini⁰⁵ii⁵1⁰libis</span> <span class='ocrx_word' id='word_1_182' title='bbox 1303 2299 1381 2450; x_wconf 47' lang='lat' dir='ltr'>‘fili&#39;</span> 
     </span>
     <span class='ocr_line' id='line_1_25' title="bbox 243 2405 1381 2558; baseline 0.002 -22"><span class='ocrx_word' id='word_1_183' title='bbox 243 2469 322 2537; x_wconf 84' lang='lat' dir='ltr'>orbe</span> <span class='ocrx_word' id='word_1_184' title='bbox 349 2469 520 2535; x_wconf 88' lang='lat' dir='ltr'>notissima</span> <span class='ocrx_word' id='word_1_185' title='bbox 547 2469 653 2536; x_wconf 89' lang='lat' dir='ltr'>Roma</span> <span class='ocrx_word' id='word_1_186' title='bbox 681 2469 758 2536; x_wconf 92' lang='lat' dir='ltr'>huic</span> <span class='ocrx_word' id='word_1_187' title='bbox 785 2434 919 2537; x_wconf 77' lang='lat' dir='ltr'>inierior</span> <span class='ocrx_word' id='word_1_188' title='bbox 947 2406 1099 2553; x_wconf 49' lang='lat' dir='ltr'>esseigldi</span> <span class='ocrx_word' id='word_1_189' title='bbox 1127 2407 1278 2558; x_wconf 60' lang='lat' dir='ltr'>pdeciosa</span> <span class='ocrx_word' id='word_1_190' title='bbox 1296 2405 1381 2538; x_wconf 36' lang='lat' dir='ltr'>olicae</span> 
     </span>
     <span class='ocr_line' id='line_1_26' title="bbox 241 2552 1382 2655; baseline 0 -33"><span class='ocrx_word' id='word_1_191' title='bbox 241 2555 442 2622; x_wconf 91' lang='lat' dir='ltr'>tissimorum</span> <span class='ocrx_word' id='word_1_192' title='bbox 463 2552 683 2642; x_wconf 88' lang='lat' dir='ltr'>apostolorum</span> <span class='ocrx_word' id='word_1_193' title='bbox 706 2575 842 2643; x_wconf 86' lang='lat' dir='ltr'>corpora</span> <span class='ocrx_word' id='word_1_194' title='bbox 870 2578 936 2621; x_wconf 92' lang='lat' dir='ltr'>non</span> <span class='ocrx_word' id='word_1_195' title='bbox 964 2552 1122 2622; x_wconf 83' lang='lat' dir='ltr'>haberet?</span> <span class='ocrx_word' id='word_1_196' title='bbox 1155 2555 1251 2621; x_wconf 86' lang='lat' dir='ltr'>Patet</span> <span class='ocrx_word' id='word_1_197' title='bbox 1272 2555 1382 2655; x_wconf 73' lang='lat' dir='ltr'>igitur,</span> 
     </span>
     <span class='ocr_line' id='line_1_27' title="bbox 243 2638 1381 2730; baseline -0.002 -24"><span class='ocrx_word' id='word_1_198' title='bbox 243 2638 332 2730; x_wconf 89' lang='lat' dir='ltr'>quod</span> <span class='ocrx_word' id='word_1_199' title='bbox 354 2638 438 2706; x_wconf 91' lang='lat' dir='ltr'>hanc</span> <span class='ocrx_word' id='word_1_200' title='bbox 458 2640 646 2706; x_wconf 87' lang='lat' dir='ltr'>intercessio</span> <span class='ocrx_word' id='word_1_201' title='bbox 667 2638 847 2707; x_wconf 84' lang='lat' dir='ltr'>beatissimi</span> <span class='ocrx_word' id='word_1_202' title='bbox 867 2641 996 2729; x_wconf 88' lang='lat' dir='ltr'>patroni</span> <span class='ocrx_word' id='word_1_203' title='bbox 1018 2639 1121 2706; x_wconf 80' lang='lat' dir='ltr'>nostri</span> <span class='ocrx_word' id='word_1_204' title='bbox 1140 2638 1229 2706; x_wconf 86' lang='lat' dir='ltr'>SIRI</span> <span class='ocrx_word' id='word_1_205' title='bbox 1251 2640 1381 2727; x_wconf 79' lang='lat' dir='ltr'>eripuit,</span> 
     </span>
    </p>

    <p class='ocr_par' dir='ltr' id='par_1_6' title="bbox 266 2723 1382 2814">
     <span class='ocr_line' id='line_1_28' title="bbox 266 2723 1382 2814; baseline 0.001 -23"><span class='ocrx_word' id='word_1_206' title='bbox 266 2727 301 2791; x_wconf 91' lang='lat' dir='ltr'>ui</span> <span class='ocrx_word' id='word_1_207' title='bbox 322 2747 394 2792; x_wconf 92' lang='lat' dir='ltr'>eam</span> <span class='ocrx_word' id='word_1_208' title='bbox 416 2736 483 2792; x_wconf 89' lang='lat' dir='ltr'>tam</span> <span class='ocrx_word' id='word_1_209' title='bbox 504 2723 649 2792; x_wconf 89' lang='lat' dir='ltr'>veridico</span> <span class='ocrx_word' id='word_1_210' title='bbox 663 2747 703 2791; x_wconf 90' lang='lat' dir='ltr'>ac</span> <span class='ocrx_word' id='word_1_211' title='bbox 717 2727 860 2814; x_wconf 90' lang='lat' dir='ltr'>pretioso</span> <span class='ocrx_word' id='word_1_212' title='bbox 900 2725 1026 2812; x_wconf 82' lang='lat' dir='ltr'>resagio</span> <span class='ocrx_word' id='word_1_213' title='bbox 1041 2725 1222 2790; x_wconf 84' lang='lat' dir='ltr'>honoravit.</span> <span class='ocrx_word' id='word_1_214' title='bbox 1252 2723 1382 2792; x_wconf 82' lang='lat' dir='ltr'>Exusta</span> 
     </span>
    </p>

    <p class='ocr_par' dir='ltr' id='par_1_7' title="bbox 198 2749 1381 2993">
     <span class='ocr_line' id='line_1_29' title="bbox 198 2749 1381 2900; baseline -0.003 -22"><span class='ocrx_word' id='word_1_215' title='bbox 198 2826 199 2830; x_wconf 75' lang='grc'>’</span> <span class='ocrx_word' id='word_1_216' title='bbox 243 2749 385 2899; x_wconf 81' lang='lat' dir='ltr'>denique</span> <span class='ocrx_word' id='word_1_217' title='bbox 399 2811 448 2876; x_wconf 90' lang='lat' dir='ltr'>Pa</span> <span class='ocrx_word' id='word_1_218' title='bbox 472 2811 514 2893; x_wconf 84' lang='lat' dir='ltr'>ia,</span> <span class='ocrx_word' id='word_1_219' title='bbox 532 2808 681 2900; x_wconf 86' lang='lat' dir='ltr'>factaque</span> <span class='ocrx_word' id='word_1_220' title='bbox 696 2821 798 2877; x_wconf 87' lang='lat' dir='ltr'>totam</span> <span class='ocrx_word' id='word_1_221' title='bbox 813 2749 1014 2899; x_wconf 69' lang='lat' dir='ltr'>perlatam</span> <span class='ocrx_word' id='word_1_222' title='bbox 1036 2832 1102 2877; x_wconf 90' lang='lat' dir='ltr'>non</span> <span class='ocrx_word' id='word_1_223' title='bbox 1123 2808 1254 2876; x_wconf 89' lang='lat' dir='ltr'>modica</span> <span class='ocrx_word' id='word_1_224' title='bbox 1268 2809 1381 2899; x_wconf 87' lang='lat' dir='ltr'>preda,</span> 
     </span>
     <span class='ocr_line' id='line_1_30' title="bbox 243 2833 1263 2993; baseline 0.002 -31"><span class='ocrx_word' id='word_1_225' title='bbox 243 2895 408 2984; x_wconf 82' lang='lat' dir='ltr'>Hungavii</span> <span class='ocrx_word' id='word_1_226' title='bbox 429 2833 472 2960; x_wconf 78' lang='lat' dir='ltr'>ad</span> <span class='ocrx_word' id='word_1_227' title='bbox 493 2895 626 2983; x_wconf 87' lang='lat' dir='ltr'>propria</span> <span class='ocrx_word' id='word_1_228' title='bbox 647 2906 863 2993; x_wconf 83' lang='lat' dir='ltr'>revertuntur.</span> <span class='ocrx_word' id='word_1_229' title='bbox 1171 2919 1174 2922; x_wconf 77' lang='grc'><strong>’</strong></span> <span class='ocrx_word' id='word_1_230' title='bbox 1261 2981 1263 2986; x_wconf 68' lang='lat'>,</span> 
     </span>
    </p>

    <p class='ocr_par' dir='ltr' id='par_1_8' title="bbox 244 2997 1417 3356">
     <span class='ocr_line' id='line_1_31' title="bbox 330 2997 1417 3088; baseline -0.005 -23"><span class='ocrx_word' id='word_1_231' title='bbox 330 3000 360 3065; x_wconf 79' lang='lat'>7.</span> <span class='ocrx_word' id='word_1_232' title='bbox 402 2997 477 3065; x_wconf 88' lang='lat' dir='ltr'>Hoc</span> <span class='ocrx_word' id='word_1_233' title='bbox 499 2997 613 3065; x_wconf 91' lang='lat' dir='ltr'>eodem</span> <span class='ocrx_word' id='word_1_234' title='bbox 634 3009 780 3088; x_wconf 90' lang='lat' dir='ltr'>tempore</span> <span class='ocrx_word' id='word_1_235' title='bbox 803 2999 955 3066; x_wconf 87' lang='lat' dir='ltr'>defuncto</span> <span class='ocrx_word' id='word_1_236' title='bbox 976 2997 1164 3079; x_wconf 86' lang='lat' dir='ltr'>Adelberto‚</span> <span class='ocrx_word' id='word_1_237' title='bbox 1197 2998 1382 3087; x_wconf 81' lang='lat' dir='ltr'>Eporegiae</span> <span class='ocrx_word' id='word_1_238' title='bbox 1415 3055 1417 3060; x_wconf 79' lang='grc'>,</span> 
     </span>
     <span class='ocr_line' id='line_1_32' title="bbox 244 3082 1412 3173; baseline 0.002 -24"><span class='ocrx_word' id='word_1_239' title='bbox 244 3084 383 3151; x_wconf 88' lang='lat' dir='ltr'>civitatis</span> <span class='ocrx_word' id='word_1_240' title='bbox 406 3082 600 3168; x_wconf 82' lang='lat' dir='ltr'>marchione,</span> <span class='ocrx_word' id='word_1_241' title='bbox 622 3107 707 3150; x_wconf 87' lang='lat' dir='ltr'>uxor</span> <span class='ocrx_word' id='word_1_242' title='bbox 728 3087 799 3152; x_wconf 90' lang='lat' dir='ltr'>eius</span> <span class='ocrx_word' id='word_1_243' title='bbox 820 3084 1077 3173; x_wconf 82' lang='lat' dir='ltr'>Hermengarda,</span> <span class='ocrx_word' id='word_1_244' title='bbox 1106 3082 1279 3151; x_wconf 86' lang='lat' dir='ltr'>Adelberti</span> <span class='ocrx_word' id='word_1_245' title='bbox 1332 3107 1381 3151; x_wconf 88' lang='lat' dir='ltr'>re·</span> <span class='ocrx_word' id='word_1_246' title='bbox 1411 3101 1412 3104; x_wconf 74' lang='grc'>’</span> 
     </span>
     <span class='ocr_line' id='line_1_33' title="bbox 244 3168 1381 3258; baseline 0 -22"><span class='ocrx_word' id='word_1_247' title='bbox 244 3170 385 3258; x_wconf 88' lang='lat' dir='ltr'>potentis</span> <span class='ocrx_word' id='word_1_248' title='bbox 417 3169 537 3235; x_wconf 70' lang='lat' dir='ltr'>Tuscia</span> <span class='ocrx_word' id='word_1_249' title='bbox 568 3169 763 3237; x_wconf 90' lang='lat' dir='ltr'>marchionis</span> <span class='ocrx_word' id='word_1_250' title='bbox 796 3181 828 3238; x_wconf 90' lang='lat' dir='ltr'>et</span> <span class='ocrx_word' id='word_1_251' title='bbox 859 3170 976 3238; x_wconf 87' lang='lat' dir='ltr'>Bertae</span> <span class='ocrx_word' id='word_1_252' title='bbox 1012 3169 1093 3254; x_wconf 83' lang='lat' dir='ltr'>filia,</span> <span class='ocrx_word' id='word_1_253' title='bbox 1131 3170 1232 3236; x_wconf 89' lang='lat' dir='ltr'>totius</span> <span class='ocrx_word' id='word_1_254' title='bbox 1268 3168 1286 3234; x_wconf 93' lang='grc' dir='ltr'>Ι</span> <span class='ocrx_word' id='word_1_255' title='bbox 1332 3170 1381 3236; x_wconf 84' lang='lat' dir='ltr'>&#39;ae</span> 
     </span>
     <span class='ocr_line' id='line_1_34' title="bbox 244 3254 1382 3356; baseline 0.002 -36"><span class='ocrx_word' id='word_1_256' title='bbox 244 3255 464 3343; x_wconf 87' lang='lat' dir='ltr'>principatum</span> <span class='ocrx_word' id='word_1_257' title='bbox 494 3254 671 3323; x_wconf 87' lang='lat' dir='ltr'>obtinebat.</span> <span class='ocrx_word' id='word_1_258' title='bbox 723 3256 832 3323; x_wconf 84' lang='lat' dir='ltr'>Causa</span> <span class='ocrx_word' id='word_1_259' title='bbox 861 3267 970 3323; x_wconf 86' lang='lat' dir='ltr'>autem</span> <span class='ocrx_word' id='word_1_260' title='bbox 994 3255 1163 3356; x_wconf 88' lang='lat' dir='ltr'>potentiae</span> <span class='ocrx_word' id='word_1_261' title='bbox 1195 3254 1293 3321; x_wconf 79' lang='lat' dir='ltr'>huirm</span> <span class='ocrx_word' id='word_1_262' title='bbox 1322 3254 1382 3322; x_wconf 85' lang='lat' dir='ltr'>hec</span> 
     </span>
    </p>

    <p class='ocr_par' dir='ltr' id='par_1_9' title="bbox 135 3338 1383 3594">
     <span class='ocr_line' id='line_1_35' title="bbox 135 3338 1382 3431; baseline 0 -25"><span class='ocrx_word' id='word_1_263' title='bbox 135 3349 323 3422; x_wconf 47' lang='lat' dir='ltr'>mecaenat,</span> <span class='ocrx_word' id='word_1_264' title='bbox 345 3342 508 3429; x_wconf 85' lang='lat' dir='ltr'>quoniam,</span> <span class='ocrx_word' id='word_1_265' title='bbox 542 3339 631 3431; x_wconf 89' lang='lat' dir='ltr'>quod</span> <span class='ocrx_word' id='word_1_266' title='bbox 658 3342 747 3408; x_wconf 89' lang='lat' dir='ltr'>dictu</span> <span class='ocrx_word' id='word_1_267' title='bbox 772 3344 887 3408; x_wconf 86' lang='lat' dir='ltr'>*etiem</span> <span class='ocrx_word' id='word_1_268' title='bbox 914 3340 1141 3408; x_wconf 78' lang='lat' dir='ltr'>foedissimum</span> <span class='ocrx_word' id='word_1_269' title='bbox 1170 3351 1232 3424; x_wconf 64' lang='lat' dir='ltr'>est,</span> <span class='ocrx_word' id='word_1_270' title='bbox 1252 3338 1382 3406; x_wconf 83' lang='lat' dir='ltr'>carnale</span> 
     </span>
     <span class='ocr_line' id='line_1_36' title="bbox 245 3423 1383 3515; baseline 0.001 -23"><span class='ocrx_word' id='word_1_271' title='bbox 245 3447 322 3492; x_wconf 89' lang='lat' dir='ltr'>cum</span> <span class='ocrx_word' id='word_1_272' title='bbox 344 3423 505 3507; x_wconf 85' lang='lat' dir='ltr'>omnibus,</span> <span class='ocrx_word' id='word_1_273' title='bbox 527 3448 593 3492; x_wconf 92' lang='lat' dir='ltr'>non</span> <span class='ocrx_word' id='word_1_274' title='bbox 615 3424 720 3492; x_wconf 91' lang='lat' dir='ltr'>solum</span> <span class='ocrx_word' id='word_1_275' title='bbox 741 3427 944 3515; x_wconf 90' lang='lat' dir='ltr'>principibus</span> <span class='ocrx_word' id='word_1_276' title='bbox 976 3449 1092 3494; x_wconf 88' lang='lat' dir='ltr'>verum</span> <span class='ocrx_word' id='word_1_277' title='bbox 1114 3426 1212 3493; x_wconf 87' lang='lat' dir='ltr'>etiem</span> <span class='ocrx_word' id='word_1_278' title='bbox 1233 3423 1383 3512; x_wconf 82' lang='lat' dir='ltr'>ignobili·</span> 
     </span>
     <span class='ocr_line' id='line_1_37' title="bbox 246 3511 800 3594; baseline 0.002 -17"><span class='ocrx_word' id='word_1_279' title='bbox 246 3511 317 3594; x_wconf 85' lang='lat' dir='ltr'>bus,</span> <span class='ocrx_word' id='word_1_280' title='bbox 340 3512 571 3577; x_wconf 87' lang='lat' dir='ltr'>commercium</span> <span class='ocrx_word' id='word_1_281' title='bbox 594 3512 769 3579; x_wconf 89' lang='lat' dir='ltr'>exercebat</span> <span class='ocrx_word' id='word_1_282' title='bbox 778 3523 800 3578; x_wconf 84' lang='lat'>⁴.</span> 
     </span>
    </p>
   </div>
   <div class='ocr_carea' id='block_1_4' title="bbox 194 3613 1384 3875">
    <p class='ocr_par' dir='ltr' id='par_1_10' title="bbox 194 3613 1384 3875">
     <span class='ocr_line' id='line_1_38' title="bbox 194 3613 1383 3704; baseline -0.001 -23"><span class='ocrx_word' id='word_1_283' title='bbox 194 3620 237 3677; x_wconf 78' lang='lat' dir='ltr'>(a.)</span> <span class='ocrx_word' id='word_1_284' title='bbox 332 3615 362 3681; x_wconf 85' lang='grc'>8.</span> <span class='ocrx_word' id='word_1_285' title='bbox 405 3615 471 3681; x_wconf 91' lang='lat' dir='ltr'>Per</span> <span class='ocrx_word' id='word_1_286' title='bbox 490 3614 549 3681; x_wconf 82' lang='lat' dir='ltr'>id‘¹</span> <span class='ocrx_word' id='word_1_287' title='bbox 571 3626 698 3704; x_wconf 90' lang='lat' dir='ltr'>tempus</span> <span class='ocrx_word' id='word_1_288' title='bbox 721 3639 781 3683; x_wconf 86' lang='lat' dir='ltr'>rex</span> <span class='ocrx_word' id='word_1_289' title='bbox 801 3614 961 3682; x_wconf 85' lang='lat' dir='ltr'>Rodulfus</span> <span class='ocrx_word' id='word_1_290' title='bbox 985 3614 1179 3702; x_wconf 86' lang='lat' dir='ltr'>Burgundia</span> <span class='ocrx_word' id='word_1_291' title='bbox 1199 3613 1327 3682; x_wconf 89' lang='lat' dir='ltr'>rediens</span> <span class='ocrx_word' id='word_1_292' title='bbox 1349 3615 1383 3680; x_wconf 92' lang='lat' dir='ltr'>in</span> 
     </span>
     <span class='ocr_line' id='line_1_39' title="bbox 245 3698 1383 3790; baseline 0.001 -24"><span class='ocrx_word' id='word_1_293' title='bbox 245 3698 375 3767; x_wconf 88' lang='lat' dir='ltr'>Italiam</span> <span class='ocrx_word' id='word_1_294' title='bbox 396 3701 494 3784; x_wconf 81' lang='lat' dir='ltr'>venit,</span> <span class='ocrx_word' id='word_1_295' title='bbox 516 3699 733 3789; x_wconf 88' lang='lat' dir='ltr'>defunctoque</span> <span class='ocrx_word' id='word_1_296' title='bbox 755 3700 965 3790; x_wconf 83' lang='lat' dir='ltr'>Berengario,</span> <span class='ocrx_word' id='word_1_297' title='bbox 997 3723 1134 3788; x_wconf 85' lang='lat' dir='ltr'>regnum</span> <span class='ocrx_word' id='word_1_298' title='bbox 1156 3711 1307 3788; x_wconf 88' lang='lat' dir='ltr'>potenter</span> <span class='ocrx_word' id='word_1_299' title='bbox 1328 3700 1383 3767; x_wconf 92' lang='lat' dir='ltr'>ob·</span> 
     </span>
     <span class='ocr_line' id='line_1_40' title="bbox 246 3784 1384 3875; baseline 0 -23"><span class='ocrx_word' id='word_1_300' title='bbox 246 3787 352 3853; x_wconf 89' lang='lat' dir='ltr'>tinuit.</span> <span class='ocrx_word' id='word_1_301' title='bbox 395 3787 475 3852; x_wconf 82' lang='lat' dir='ltr'>Post</span> <span class='ocrx_word' id='word_1_302' title='bbox 496 3784 620 3874; x_wconf 87' lang='lat' dir='ltr'>aliquot</span> <span class='ocrx_word' id='word_1_303' title='bbox 648 3798 759 3853; x_wconf 89' lang='lat' dir='ltr'>autem</span> <span class='ocrx_word' id='word_1_304' title='bbox 789 3787 857 3852; x_wconf 89' lang='lat' dir='ltr'>dies</span> <span class='ocrx_word' id='word_1_305' title='bbox 886 3784 1054 3853; x_wconf 88' lang='lat' dir='ltr'>Italienses</span> <span class='ocrx_word' id='word_1_306' title='bbox 1085 3807 1197 3852; x_wconf 90' lang='lat' dir='ltr'>omnes</span> <span class='ocrx_word' id='word_1_307' title='bbox 1227 3796 1384 3875; x_wconf 73' lang='lat' dir='ltr'>ceperunt</span> 
     </span>
    </p>
   </div>
   <div class='ocr_carea' id='block_1_5' title="bbox 245 3950 1384 4056">
    <p class='ocr_par' dir='ltr' id='par_1_11' title="bbox 245 3950 1384 4056">
     <span class='ocr_line' id='line_1_41' title="bbox 246 3950 1384 4054; baseline -0.001 -61"><span class='ocrx_word' id='word_1_308' title='bbox 246 3950 270 4004; x_wconf 83' lang='lat' dir='ltr'>a)</span> <span class='ocrx_word' id='word_1_309' title='bbox 287 3953 418 4054; x_wconf 63' lang='lat' dir='ltr'>sapptlplmt</span> <span class='ocrx_word' id='word_1_310' title='bbox 435 3955 456 3995; x_wconf 93' lang='lat'>1.</span> <span class='ocrx_word' id='word_1_311' title='bbox 518 3952 542 4005; x_wconf 88' lang='lat' dir='ltr'>b)</span> <span class='ocrx_word' id='word_1_312' title='bbox 560 3954 673 3996; x_wconf 79' lang='lat' dir='ltr'>excubiae</span> <span class='ocrx_word' id='word_1_313' title='bbox 690 3957 712 3995; x_wconf 84' lang='lat'>1.</span> <span class='ocrx_word' id='word_1_314' title='bbox 731 3955 752 3996; x_wconf 76' lang='lat'>2.</span> <span class='ocrx_word' id='word_1_315' title='bbox 814 3952 835 4006; x_wconf 87' lang='lat' dir='ltr'>e)</span> <span class='ocrx_word' id='word_1_316' title='bbox 853 3954 903 3996; x_wconf 88' lang='lat' dir='ltr'>ulte</span> <span class='ocrx_word' id='word_1_317' title='bbox 920 3953 991 3994; x_wconf 79' lang='lat' dir='ltr'>terina</span> <span class='ocrx_word' id='word_1_318' title='bbox 1008 3954 1029 3994; x_wconf 93' lang='lat'>1.</span> <span class='ocrx_word' id='word_1_319' title='bbox 1046 3952 1132 3992; x_wconf 72' lang='lat' dir='ltr'>duobus</span> <span class='ocrx_word' id='word_1_320' title='bbox 1148 3951 1219 3993; x_wconf 75' lang='lat' dir='ltr'>lineis.</span> <span class='ocrx_word' id='word_1_321' title='bbox 1282 3950 1306 4003; x_wconf 84' lang='lat' dir='ltr'>d)</span> <span class='ocrx_word' id='word_1_322' title='bbox 1323 3951 1384 3994; x_wconf 89' lang='lat' dir='ltr'>ldem</span> 
     </span>
     <span class='ocr_line' id='line_1_42' title="bbox 245 4023 385 4056; baseline 0.029 -4"><span class='ocrx_word' id='word_1_323' title='bbox 245 4023 305 4054; x_wconf 81' lang='lat' dir='ltr'>corr.</span> <span class='ocrx_word' id='word_1_324' title='bbox 379 4044 385 4056; x_wconf 84' lang='lat'><strong>.</strong></span> 
     </span>
    </p>
   </div>
   <div class='ocr_carea' id='block_1_6' title="bbox 246 4125 1384 4347">
    <p class='ocr_par' dir='ltr' id='par_1_12' title="bbox 246 4125 1384 4347">
     <span class='ocr_line' id='line_1_43' title="bbox 249 4125 1384 4197; baseline 0.001 -19"><span class='ocrx_word' id='word_1_325' title='bbox 249 4125 277 4196; x_wconf 85' lang='lat'>1)</span> <span class='ocrx_word' id='word_1_326' title='bbox 296 4131 314 4182; x_wconf 87' lang='lat' dir='ltr'>i.</span> <span class='ocrx_word' id='word_1_327' title='bbox 335 4145 358 4182; x_wconf 87' lang='lat' dir='ltr'>e.</span> <span class='ocrx_word' id='word_1_328' title='bbox 379 4129 490 4182; x_wconf 87' lang='lat' dir='ltr'>excelsi.</span> <span class='ocrx_word' id='word_1_329' title='bbox 557 4128 587 4197; x_wconf 76' lang='grc'>2)</span> <span class='ocrx_word' id='word_1_330' title='bbox 608 4128 650 4182; x_wconf 85' lang='lat' dir='ltr'>ct.</span> <span class='ocrx_word' id='word_1_331' title='bbox 670 4131 753 4182; x_wconf 89' lang='lat' dir='ltr'>vitam</span> <span class='ocrx_word' id='word_1_332' title='bbox 775 4131 803 4184; x_wconf 82' lang='lat' dir='ltr'>S.</span> <span class='ocrx_word' id='word_1_333' title='bbox 824 4130 886 4196; x_wconf 84' lang='lat' dir='ltr'>Syri</span> <span class='ocrx_word' id='word_1_334' title='bbox 907 4136 934 4181; x_wconf 90' lang='lat' dir='ltr'>et</span> <span class='ocrx_word' id='word_1_335' title='bbox 954 4129 1073 4181; x_wconf 87' lang='lat' dir='ltr'>quentii</span> <span class='ocrx_word' id='word_1_336' title='bbox 1090 4129 1144 4180; x_wconf 67' lang='lat'>003</span> <span class='ocrx_word' id='word_1_337' title='bbox 1166 4125 1283 4194; x_wconf 84' lang='lat' dir='ltr'>(Serius,</span> <span class='ocrx_word' id='word_1_338' title='bbox 1303 4127 1384 4181; x_wconf 78' lang='lat' dir='ltr'>Vitas</span> 
     </span>
     <span class='ocr_line' id='line_1_44' title="bbox 246 4199 1384 4271; baseline -0.001 -17"><span class='ocrx_word' id='word_1_339' title='bbox 246 4204 382 4271; x_wconf 86' lang='lat' dir='ltr'>probator.</span> <span class='ocrx_word' id='word_1_340' title='bbox 396 4209 481 4256; x_wconf 87' lang='lat' dir='ltr'>sanct.</span> <span class='ocrx_word' id='word_1_341' title='bbox 495 4204 559 4267; x_wconf 82' lang='lat' dir='ltr'>VII,</span> <span class='ocrx_word' id='word_1_342' title='bbox 580 4201 656 4270; x_wconf 75' lang='grc'>696),</span> <span class='ocrx_word' id='word_1_343' title='bbox 675 4205 723 4256; x_wconf 91' lang='lat' dir='ltr'>ubi</span> <span class='ocrx_word' id='word_1_344' title='bbox 742 4204 811 4258; x_wconf 87' lang='lat' dir='ltr'>haec</span> <span class='ocrx_word' id='word_1_345' title='bbox 830 4205 962 4255; x_wconf 81' lang='lat' dir='ltr'>vaticinia</span> <span class='ocrx_word' id='word_1_346' title='bbox 981 4203 1111 4255; x_wconf 86' lang='lat' dir='ltr'>invenies.</span> <span class='ocrx_word' id='word_1_347' title='bbox 1176 4199 1206 4269; x_wconf 80' lang='lat'>³)</span> <span class='ocrx_word' id='word_1_348' title='bbox 1221 4201 1264 4256; x_wconf 81' lang='lat' dir='ltr'>ct.</span> <span class='ocrx_word' id='word_1_349' title='bbox 1276 4202 1384 4256; x_wconf 73' lang='lat' dir='ltr'>Attonis</span> 
     </span>
     <span class='ocr_line' id='line_1_45' title="bbox 247 4276 1381 4347; baseline -0.003 -17"><span class='ocrx_word' id='word_1_350' title='bbox 247 4293 397 4331; x_wconf 87' lang='lat' dir='ltr'>sermonem</span> <span class='ocrx_word' id='word_1_351' title='bbox 418 4279 470 4331; x_wconf 86' lang='lat'>111.</span> <span class='ocrx_word' id='word_1_352' title='bbox 490 4277 573 4347; x_wconf 78' lang='lat' dir='ltr'>(Aug.</span> <span class='ocrx_word' id='word_1_353' title='bbox 593 4279 649 4330; x_wconf 87' lang='lat' dir='ltr'>Mai</span> <span class='ocrx_word' id='word_1_354' title='bbox 671 4277 719 4332; x_wconf 82' lang='lat' dir='ltr'>SS.</span> <span class='ocrx_word' id='word_1_355' title='bbox 739 4286 793 4332; x_wconf 87' lang='lat' dir='ltr'>vet.</span> <span class='ocrx_word' id='word_1_356' title='bbox 813 4279 887 4342; x_wconf 73' lang='lat' dir='ltr'>vib,</span> <span class='ocrx_word' id='word_1_357' title='bbox 912 4277 967 4344; x_wconf 80' lang='lat'><strong>1⁶).</strong></span> <span class='ocrx_word' id='word_1_358' title='bbox 1042 4277 1074 4344; x_wconf 83' lang='lat'>4)</span> <span class='ocrx_word' id='word_1_359' title='bbox 1095 4276 1278 4345; x_wconf 76' lang='lat' dir='ltr'>ct.suprs11</span> <span class='ocrx_word' id='word_1_360' title='bbox 1299 4292 1323 4330; x_wconf 91' lang='lat' dir='ltr'>c.</span> <span class='ocrx_word' id='word_1_361' title='bbox 1337 4276 1381 4328; x_wconf 76' lang='lat' dir='ltr'>bb.</span> 
     </span>
    </p>
   </div>
   <div class='ocr_carea' id='block_1_7' title="bbox 0 0 1478 4718">
    <p class='ocr_par' dir='ltr' id='par_1_13' title="bbox 0 0 1478 4718">
     <span class='ocr_line' id='line_1_46' title="bbox 0 0 1478 4718; baseline 0 0"><span class='ocrx_word' id='word_1_362' title='bbox 0 0 1478 4718; x_wconf 95' lang='lat' dir='ltr'> </span> 
     </span>
    </p>
   </div>
  </div>
 </body>
</html>
