2932 4718
201 250 255 305 too
480 251 714 306 LIUDPRANDI
733 250 907 306 Lnofflo,
945 248 1067 301 ets-47.

138 437 182 480 πθ
199 422 366 507 successit,
393 419 552 510 compulit
578 420 737 488 ducentos
763 419 985 508 Ungariorum
1012 419 1103 488 baud
1129 418 1227 509 longe
1256 406 1346 494 Oon'·

199 503 410 595 suntinopoli
436 506 472 573 in
499 505 694 574 Macedonia
721 503 870 572 similiter
895 505 1017 590 facum
1047 503 1241 596 exquibus,
1265 525 1344 571 cum

198 591 329 660 meante
349 612 410 680 per
432 601 612 679 angustam.
625 591 770 659 redirent
788 591 887 676 viam,
909 589 1125 681 quadraginta
1146 599 1224 657 sunt
1237 587 1344 678 capti3

198 698 281 767 qnos
301 697 391 743 nunc
411 675 616 765 Nicephorus
636 674 679 742 de
700 675 849 744 custodia
868 675 1014 761 eductoa
1034 675 1345 764 pretiosissimisque

197 760 347 830 vatibus
366 772 507 845 ornatos,
534 771 691 851 patronos
711 761 776 828 sibi
797 771 830 829 et
851 761 1036 830 defensores
1064 760 1201 851 paravit,
1229 780 1344 828 secum

197 848 233 914 in
253 845 408 934 Assyrios
430 843 564 914 ducens.
593 845 734 932 ¹Verum
762 845 868 936 qualis
895 848 939 915 sit
965 847 1036 915 eius
1063 847 1237 929 exercitus,
1265 843 1344 912 hinc

196 932 334 1022 potestis
356 932 517 1016 conicere,
541 932 696 1021 quoniam
711 931 769 1021 qui
783 932 918 1000 caetens
931 941 1087 1020 prestant,
1102 929 1253 998 Venetici
1267 939 1348 997 sunt

199 1025 232 1086 et
251 1014 509 1106 Amalpbitani¹.

89 1113 135 1157 Μ
150 1114 188 1158 ¹²·
282 1103 336 1171 46.
379 1098 477 1169 Nunc
498 1099 553 1167 bic
576 1101 714 1184 omissis,
740 1099 820 1190 quid
848 1100 929 1168 mihi
959 1100 1116 1168 acciderit
1141 1098 1344 1166 animadver-

197 1186 266 1254 tite.
322 1186 425 1254 Sexto
457 1184 620 1254 calendas
652 1185 796 1274 Augusti
833 1197 928 1254 oxma
959 1184 1173 1254 Constantino
1198 1182 1277 1251 olim
1308 1184 1348 1251 in

196 1269 338 1340 Umbria
358 1294 379 1339 a
400 1270 586 1359 lircephoro
601 1270 766 1338 licentiam
780 1272 894 1360 accepi
908 1270 952 1337 ad
966 1293 1025 1338 vos
1039 1269 1164 1338 redeun
1189 1270 1208 1336 ‘.
1243 1267 1355 1337 (lum-v

198 1377 262 1446 que
284 1353 601 1444 Constantinopolim
631 1357 788 1440 venirem,
816 1355 1072 1445 christophorus
1124 1355 1257 1423 anicius
1287 1375 1354 1444 eu<

196 1440 335 1525 nucbus,
367 1441 426 1531 qui
450 1439 628 1531 Nicephori
654 1442 764 1508 vicem
791 1440 906 1509 eodem
935 1442 1030 1529 gerit,
1057 1441 1101 1507 m'
1127 1441 1135 1456 ’
1165 1438 1347 1524 mandavit,

196 1547 264 1593 non
284 1547 382 1616 posse
397 1537 543 1594 metune
558 1525 722 1611 recedere,
744 1527 822 1616 quia
837 1525 993 1594 Saraceni
1006 1536 1085 1594 tunc
1101 1532 1346 1615 occupaverunt

197 1633 287 1678 mare
309 1622 342 1678 et
362 1610 502 1699 Ungarii
523 1623 660 1696 terram3
683 1609 925 1700 expectandum
946 1610 1026 1678 mibi
1048 1631 1130 1696 esse,
1153 1610 1257 1678 donec
1278 1608 1345 1698 ipsi
1434 1655 1442 1666 ·

197 1694 411 1763 discederent
463 1694 530 1763 Sed
562 1707 671 1762 utrum
695 1718 746 1780 ue,
779 1696 862 1784 proh
894 1695 996 1781 dolor,
1027 1696 1089 1763 fuit
1122 1695 1343 1762 mendacium.

197 1781 293 1847 Tune
314 1781 456 1870 appositi
479 1791 553 1846 sunt
579 1719 741 1865 custodes,
770 1782 827 1884 qui
847 1781 928 1847 mihi
950 1783 1085 1848 etmeis
1106 1780 1246 1847 adorno
1268 1801 1345 1847 mea

198 1867 321 1933 exitum
342 1866 561 1954 prohiberent.
604 1865 741 1933 Latinae
762 1864 893 1954 hnguae
941 1889 983 1933 au
1008 1888 1089 1950 eres,
1120 1867 1177 1954 qui
1203 1888 1256 1932 me
1279 1862 1343 1931 ele·

197 1951 398 2018 mosinarum
434 1951 540 2039 gratia
576 1951 746 2035 adierunt,
788 1889 1100 2039 comprehendentes
1143 1949 1342 2035 ceciderunt,

196 2035 365 2104 custodiae
396 2034 616 2119 tradiderunt,
650 2034 878 2103 Graeculonon
906 2059 1027 2119 meum,
1059 2034 1095 2101 id
1122 2046 1172 2102 est
1194 2033 1343 2102 Graecae

194 2120 327 2209 linguae
349 2143 505 2209 gnarum,
520 2142 586 2187 non
630 2122 839 2189 ermittebant
859 2121 981 2224 egredi,
1004 2119 1118 2187 saltem
1139 2131 1176 2188 ut
1190 2130 1343 2209 sumptus

196 2215 329 2308 emeret,
351 2205 410 2306 sed
431 2227 548 2306 cocum
570 2142 676 2307 solum
699 2205 846 2274 Graecae
868 2205 999 2310 linguae
1013 2207 1182 2308 ignarum3
1205 2206 1262 2295 qui
1276 2226 1344 2272 non
1434 2202 1445 2224 ⁹

196 2289 857 2466 tttmtttttuttttftbttt
876 2292 1343 2466 tibtttttttttt
1454 2360 1460 2374 ·

219 2462 312 2528 usnti
334 2459 556 2528 Graeculonus
586 2458 760 2528 obsonium
781 2484 858 2529 nno.
901 2461 1045 2530 Etcum
1070 2462 1249 2528 amicorum
1293 2461 1343 2527 ui·

196 2481 274 2613 dam
295 2556 450 2629 aromata,
473 2567 584 2634 panes,
606 2547 729 2631 vinum,
752 2570 851 2637 poma
872 2549 1023 2631 mitteret,
1046 2545 1115 2615 solo
1138 2556 1256 2613 cuncta
1269 2482 1341 2614 dun·

196 2629 320 2714 dentes,
347 2632 478 2697 nuntios
506 2629 650 2719 colaphis
679 2633 757 2699 satis
787 2642 936 2700 oneratos
965 2631 1168 2698 dimiserunt.
1211 2629 1258 2699 Et
1277 2631 1342 2698 nisi

44 2731 86 2776 rs.
104 2733 145 2788 st,
162 2713 308 2782 adirina
323 2716 433 2817 pietas
461 2725 609 2804 parasset
634 2717 669 2781 in
699 2729 877 2818 conspectu
902 2738 976 2784 meo
1005 2737 1153 2782 mensam
1181 2715 1341 2784 adversus

196 2822 332 2890 eosqui
353 2798 511 2867 tribulant
532 2822 595 2885 me,
625 2823 691 2867 una
716 2803 797 2869 mib1
823 2813 940 2904 parata
967 2823 1054 2868 mors
1080 2801 1165 2869 foret
1192 2810 1339 2891 accepta.

197 2884 264 2953 Sed
294 2885 351 2974 qui
378 2886 527 2974 permisit
563 2889 726 2975 temptari,
756 2887 847 2955 dedu
878 2897 955 2954 tunc
985 2884 1239 2954 misericorditer
1259 2887 1338 2975 pati.

194 2970 434 3038 Huiuscemodi
454 2993 508 3038 me
538 2970 719 3058 periculum
749 2972 893 3040 secundo
920 2971 1089 3038 Nonarum
1117 2971 1205 3038 Iunii
1233 2992 1341 3060 usque

195 3053 239 3122 ad
267 3067 398 3123 sextum
419 3054 531 3122 Nonas
559 3055 712 3124 Octobris
742 3055 1039 3144 Constantinopoli,
1069 3056 1184 3125 diebus
1214 3054 1340 3125 scilicet

195 3150 327 3207 centum
348 3142 381 3207 vi
408 3142 415 3156 '
441 3143 476 3224 ti,
496 3143 683 3210 maceravit.

67 3237 184 3290 Aut-1⁶·
210 3309 217 3325 .
279 3227 332 3292 47.
377 3164 501 3292 gramm
522 3237 560 3292 ut
580 3237 778 3312 augerentur
799 3226 1001 3294 calamitates
1015 3248 1118 3310 meae,
1140 3227 1176 3293 in
1189 3248 1339 3317 assump-

194 3320 283 3377 tione
306 3319 436 3377 mnotae
458 3311 512 3378 dei
541 3313 709 3398 genitricis
737 3322 770 3379 et
797 3313 936 3401 virginis
964 3311 1099 3394 Mariae,
1128 3332 1202 3378 meo
1230 3314 1339 3381 omine

193 3415 261 3461 uon
289 3394 376 3462 bono
403 3406 562 3462 venerunt
591 3395 727 3463 domnil
757 3397 928 3485 apostolici
954 3406 986 3463 et
1011 3395 1204 3463 universalis
1232 3418 1340 3486 papae

192 3477 366 3547 Iohannis¹
388 3482 496 3547 nuntii
518 3503 594 3547 cum
623 3479 755 3563 litteris,
783 3482 903 3571 quibus
929 3479 1092 3569 rogabant
1111 3480 1337 3571 Nicephorum

191 3564 421 3717 iiiiii&
431 3564 1337 3740 ilttttttttttttttbttttttwiht

191 3735 386 3823 imperatore
412 3746 562 3823 augusto.
607 3737 699 3819 Quae
726 3758 803 3819 vox,
834 3758 923 3826 quae
947 3736 1128 3823 inscriptio,
1154 3736 1343 3804 secundum,

192 3817 337 3887 Graecos
359 3823 530 3908 peccatrix
551 3831 585 3888 et
607 3823 787 3906 temeraria,
810 3821 974 3911 quomodo
1003 3820 1138 3888 latorem
1159 3841 1226 3887 non
1248 3822 1334 3888 occi·

191 3903 284 3990 derit,
309 3928 377 3990 our,
399 3907 592 3995 priusquam
613 3904 805 3994 legeretur0,
826 3928 893 3973 non
908 3907 1116 4009 oppresserit,
1140 3906 1197 3994 qui
1211 3906 1247 3972 in
1260 3905 1333 3973 aliis

189 3988 287 4056 rebus
310 4012 409 4078 saepe
429 3991 544 4058 videor
565 3990 788 4080 spermologus
804 4001 836 4059 et
848 3989 1053 4075 multisonus,
1075 3992 1109 4056 in
1124 3988 1196 4075 bac,
1218 4001 1256 4058 ut
1268 3990 1335 4080 pis·

190 4135 214 4189 a)
231 4137 398 4188 amatpbtttant
414 4137 436 4179 0.
498 4135 523 4189 b)
540 4137 630 4179 domini
646 4139 669 4180 0.
731 4137 753 4192 c)
770 4138 904 4182 luderetur
919 4139 941 4183 0.
957 4137 1186 4190 uzsramotmsr.

192 4268 221 4338 ι)
240 4270 320 4334 xm,
341 4272 366 4324 1.
386 4271 448 4324 oe.
469 4271 524 4324 sou
545 4298 578 4312 -
601 4272 627 4324 e.
648 4271 723 4340 Sept.
744 4272 808 4324 era
