2932 4718
341 195 575 250 LlUDPRANDI
594 196 768 252 Lanario.
808 197 927 252 li-ie,
1166 200 1218 253 iti

78 391 152 434 rum
175 389 322 434 meorum
343 389 439 433 nemo
462 368 595 451 exstitit,
619 367 676 456 qui
697 388 764 433 non
786 365 901 435 eodem
924 367 1067 435 ebriatus
1088 372 1218 457 poculo,
1228 388 1281 434 aee.

83 454 169 520 diem
192 451 255 520 sibi
276 451 426 518 ultimum
447 453 617 520 imminere
643 451 841 520 formidaret.
886 451 963 537 Cur,
992 474 1123 542 quaeso,
1152 478 1219 523 non

79 550 294 690 ffimmem'
318 538 437 627 quibus
460 549 529 605 erat
549 548 647 627 potus
669 560 729 627 pro
751 539 874 626 optimo
896 539 974 605 vino
996 537 1144 628 salsugo,
1159 562 1219 630 pro

136 626 217 692 citra
243 645 309 690 non
336 623 482 709 faenum,
511 645 577 690 non
607 634 766 707 stramen,
794 643 859 689 non
887 622 1000 692 saltem
1030 637 1130 711 terra,
1161 625 1219 694 sed

79 710 196 777 durum
225 729 377 793 marmor,
406 731 467 810 pro
498 706 648 776 cervicali
676 706 782 796 lapis?
814 709 933 798 quibus
985 708 1074 778 atula
1102 710 1219 779 domus

78 817 145 862 non
160 793 310 877 calorem,
332 817 398 861 non
412 792 563 879 imbrem,
583 815 649 860 non
664 793 705 860 fri
783 795 924 862 arcebat.
958 732 1046 883 ipsa,
1063 796 1097 862 ‘si
1111 795 1218 882 vellet,

80 879 175 948 Salus
204 879 254 946 his
286 878 491 964 circumfusa,
521 891 559 947 ut
586 878 686 968 vulgo
729 880 881 969 oquimur
921 902 977 947 eos
1005 881 1131 950 salvare
1152 891 1219 950 non

77 976 233 1054 possett*
268 965 405 1054 Proprio
444 987 522 1056 ergo
555 975 655 1054 atque
687 986 835 1031 meorum
868 929 1054 1034 debilitatus
1086 989 1217 1057 angore,

79 1060 258 1118 convocato
280 1050 323 1117 ad
344 1073 397 1117 me
420 1049 565 1136 custode,
586 1051 687 1117 immo
709 1061 917 1139 persecutore
943 1073 1027 1136 meo,
1057 1073 1124 1119 non
1145 1076 1218 1142 pre·

78 1135 172 1203 cibus
202 1135 316 1220 solum,
347 1136 405 1204 sed
432 1137 538 1226 pretio
568 1133 703 1219 obtinui,
733 1145 770 1201 ut
798 1134 968 1224 epistolam
996 1158 1105 1205 meam
1130 1137 1219 1206 hune

79 1221 213 1289 modum
236 1223 453 1289 continentem
475 1219 651 1310 Nicephori
673 1221 765 1288 fratri
787 1219 939 1288 deferret:

165 1309 216 1373 14.
250 1305 362 1397 ‘Leoni
377 1306 555 1396 coropalati
577 1317 610 1373 et
623 1306 806 1394 logothetae
828 1312 866 1374 tsi
887 1308 1013 1401 qupe²
1035 1306 1219 1398 Liudpran·

79 1391 141 1459 dus
171 1393 354 1482 episcopus.
406 1391 443 1460 Si
471 1393 649 1481 imperator
677 1393 902 1459 serenissimus
934 1394 1141 1482 petitionem,
1174 1395 1217 1462 ob

77 1501 177 1566 quam
197 1478 283 1561 veni,
304 1477 460 1566 perficere
482 1479 613 1566 cogitat,
640 1499 707 1543 non
733 1477 871 1566 fatigent
891 1500 955 1562 me,
981 1501 1064 1568 quas
1088 1478 1142 1547 bie
1165 1501 1218 1546 su·

77 1564 191 1647 stineo,
218 1563 402 1652 passiones,
429 1561 544 1630 litteris
572 1561 776 1629 solummodo
805 1564 887 1630 meis
915 1574 948 1631 et
975 1565 1090 1630 nuntio
1113 1575 1150 1631 ut
1170 1565 1217 1632 in·

77 1651 222 1715 siruamr
251 1647 401 1715 dominus
431 1670 532 1734 meus,
559 1671 611 1715 me
642 1647 696 1715 bie
724 1669 850 1714 moram
879 1648 921 1715 ab
949 1670 986 1715 re
1013 1648 1219 1718 nonfacere.

77 1733 176 1818 Quod
198 1735 226 1800 si
254 1756 348 1800 secus
378 1756 431 1801 res
459 1757 530 1801 sese
552 1732 660 1817 babet,
687 1734 780 1800 navis
810 1744 878 1800 est·
905 1732 960 1801 hio
982 1733 1218 1802 Venetieorum

77 1819 235 1904 oneraria,
259 1820 364 1907 quaeh
379 1819 546 1908 proticisci
559 1819 704 1904 festinat,
726 1817 810 1885 hanc
833 1841 886 1886 me
904 1821 1100 1908 aegrotumi
1165 1819 1219 1888 edi

76 1905 173 1988 sinat,
205 1915 242 1971 ut
273 1905 301 1970 si
333 1903 556 1972 dissolutionis
586 1926 678 1972 meae
710 1916 839 1993 tempus
866 1903 1043 1991 advenerit,
1160 1927 1219 1974 ver
1336 1932 1338 1936 ³

75 2011 187 2058 meum
208 1987 348 2079 genitale
370 1989 483 2059 saltem
505 1989 610 2056 solum
632 1990 809 2078 suscipiat'

164 2075 214 2144 15.
278 2096 338 2142 uas
361 2097 437 2141 cum
466 2074 585 2164 legisse
699 2085 775 2164 post
803 2073 1013 2164 quatriduum
1042 2099 1096 2144 me
1122 2076 1218 2144 iussit

74 2158 175 2228 adire.
220 2159 384 2228 Sederunt
405 2182 482 2227 cum
504 2181 542 2228 eo
565 2084 608 2227 ad
629 2159 897 2248 disceptationem
923 2171 1076 2247 vestram
1102 2183 1217 2229 secun·

74 2244 154 2312 dum
176 2266 289 2313 eorum
314 2244 532 2328 traditionem,
562 2245 789 2333 sapientissimi
818 2245 892 2329 viri,
920 2243 1031 2313 Attico
1057 2244 1216 2335 pollentes

73 2328 213 2419 eloquio,
241 2329 383 2398 Basilius
411 2331 688 2420 parakinumenos
697 2342 720 2415 ⁰,
754 2341 849 2418 proto
878 2351 903 2401 a¹
928 2331 1075 2415 secretis,
1107 2342 1217 2434 proto·

73 2416 257 2500 vestiarius,
286 2425 319 2484 et
340 2414 405 2483 duo
428 2416 587 2505 magistri,
617 2437 757 2505 quorum
777 2414 840 2482 hoe
861 2415 923 2482 fuit
942 2418 1136 2484 narrationis
1157 2417 1216 2483 ini·

72 2503 170 2568 tium:
192 2500 295 2585 ‘Quid
306 2521 425 2569 causae
440 2502 491 2586 sit,
514 2523 614 2591 quare
629 2510 662 2567 te
676 2500 741 2568 huc
755 2499 908 2588 fatigasti,
930 2499 1039 2586 frater,
1054 2500 1215 2570 edissere'.

75 2586 206 2670 Quibus
229 2609 305 2653 cum
326 2586 512 2675 parentelae
541 2593 656 2675 gratia,
710 2608 771 2653 uae
800 2596 887 2654 esset
912 2586 1041 2653 occasio
1055 2586 1216 2655 ‘infinitae

72 2672 175 2761 pacis,
197 2669 370 2756 edicerem,
398 2672 564 2761 inquiunt:
595 2609 757 2739 ‘Inaudita
777 2694 829 2739 res
852 2683 910 2755 eat,
931 2681 969 2739 ut
989 2671 1214 2762 porphyroge-

72 2757 135 2824 niti
156 2756 445 2858 porphyrogenita,
467 2756 531 2824 hoo
552 2767 602 2825 est
622 2757 655 2821 in
677 2779 825 2846 purpura
846 2757 914 2824 nati
935 2755 1003 2823 filia
1021 2757 1056 2822 in
1069 2779 1217 2847 purpura

70 2853 158 2925 nata,
181 2844 335 2931 genubus
357 2843 560 2910 misceatiut
605 2842 729 2911 Verum
745 2843 823 2930 quia
836 2851 904 2909 tam
919 2840 1130 2910 excellentem
1145 2866 1216 2910 rem

606 2925 1215 3081 Ρ

72 3109 150 3166 sunt
178 3121 283 3188 usque
312 3096 355 3163 ad
384 3119 455 3164 nos.
506 3097 544 3166 Si
572 3120 649 3165 vero
683 3097 860 3164 amicitiam
892 3061 1017 3188 absq'ue
1048 3098 1216 3189 parentela

73 3183 281 3269 desideratis,
316 3183 456 3250 Romam
484 3181 619 3251 liberam
650 3205 721 3250 esse
750 3181 902 3250 dominus
930 3193 1007 3250 tuus
1035 3184 1216 3286 permittat,

72 3270 239 3359 principes
258 3278 368 3337 autem
403 3267 598 3357 Capuanum
621 3267 746 3335 scilicet
761 3278 796 3336 et
808 3267 1088 3354 Beneventanum,
1112 3280 1216 3337 sancti
1317 3307 1318 3310 ¹

70 3356 188 3509 prm
198 3355 328 3443 imperii
350 3319 427 3421 obrn
454 3375 574 3439 servos,
600 3374 688 3420 nune
713 3352 860 3439 rebelles,
889 3353 1037 3422 servituti
1057 3354 1215 3443 pristinae

160 3526 211 3593 16.
250 3525 380 3609 Quibus
419 3524 611 3591 ‘Dominum
644 3527 780 3609 meum’,
817 3523 978 3614 inquam,
1006 3526 1216 3613 ‘potentiores

69 3671 95 3725 a)
111 3677 136 3716 et
152 3673 174 3714 0.
236 3670 262 3726 b)
279 3673 437 3724 oneratisque
453 3673 476 3715 0.
537 3670 560 3725 e)
575 3671 794 3724 pareoknonmenoa
811 3669 833 3712 0.

74 3804 104 3873 1)
123 3807 187 3860 Ter.
207 3805 261 3859 Ad.
274 3806 323 3872 IV,
345 3807 371 3872 ¹1,
391 3806 443 3859 48:
463 3808 524 3876 ipsa
543 3808 568 3860 si
588 3807 681 3874 cupiat
699 3803 789 3869 Salus,
806 3800 811 3876 Ι
829 3805 944 3860 Semm
963 3819 1073 3874 prorsus
1092 3819 1147 3857 non
1165 3820 1215 3874 po·

72 3887 127 3934 test
146 3882 218 3934 hane
236 3880 379 3935 familiam.
438 3879 468 3950 i)
481 3879 639 3949 Logotheta
657 3872 764 3952 δρόμου
783 3878 923 3934 Iohannes
936 3880 1069 3934 zimiscae
1088 3879 1147 3943 init,
1166 3878 1216 3932 Ni·

73 3953 185 4023 cephori
199 3971 350 4022 successor,
365 3955 399 4008 de
414 3972 467 4024 qao
480 3955 617 4008 Zonarw
639 3949 688 4024 τῆς
701 3951 891 4028 aperueritis
904 3946 1114 4026 &exsiccatione
1130 3945 1217 4006 αὐτὸν

64 4027 272 4099 (Nicephorns)
292 4029 330 4096 εἰς
348 4024 486 4102 πολιτικὴν
505 4025 664 4099 μετατίθησι
679 4024 829 4100 levatione
845 4025 896 4082 rosi
918 4023 1024 4101 δρόμον
1041 4025 1070 4080 0.
1128 4023 1159 4095 2)
1171 4027 1215 4080 Ex

73 4102 245 4158 Constantini
263 4107 399 4159 sententia
411 4105 542 4158 Romame
560 4103 770 4172 imperatoribus
788 4101 870 4157 licuit
886 4118 946 4156 cnm
958 4089 1129 4156 Francorum
1141 4103 1214 4170 regi·

69 4178 121 4232 bns
140 4180 313 4232 matrimonia
331 4181 402 4234 inire
420 4186 532 4250 propter
550 4179 691 4247 antiquam
710 4179 832 4246 gentium
848 4176 956 4231 illarum
969 4175 1139 4231 nobilitatem
1153 4174 1211 4246 (De

69 4253 173 4307 adoria.
193 4255 260 4322 imp.
281 4270 306 4306 c.
328 4255 361 4307 1⁸
381 4272 408 4324 p.
430 4252 488 4324 86).
800 4253 803 4260 ’
