<?xml version="1.0" encoding="UTF-8"?>
<!DOCTYPE html PUBLIC "-//W3C//DTD XHTML 1.0 Transitional//EN"
    "http://www.w3.org/TR/xhtml1/DTD/xhtml1-transitional.dtd">
<html xmlns="http://www.w3.org/1999/xhtml" xml:lang="en" lang="en">
 <head>
  <title>
</title>
<meta http-equiv="Content-Type" content="text/html;charset=utf-8" />
  <meta name='ocr-system' content='tesseract 3.04.00' />
  <meta name='ocr-capabilities' content='ocr_page ocr_carea ocr_par ocr_line ocrx_word'/>
</head>
<body>
  <div class='ocr_page' id='page_1' title='image "./operaomnia00liudgoog_0097.png"; bbox 0 0 2932 4718; ppageno 0'>
   <div class='ocr_carea' id='block_1_1' title="bbox 241 187 1249 244">
    <p class='ocr_par' dir='ltr' id='par_1_1' title="bbox 241 187 1249 244">
     <span class='ocr_line' id='line_1_1' title="bbox 241 187 1249 244; baseline -0.003 -4"><span class='ocrx_word' id='word_1_1' title='bbox 241 188 474 243; x_wconf 77' lang='lat' dir='ltr'>LIUDPRANDI</span> <span class='ocrx_word' id='word_1_2' title='bbox 494 188 759 244; x_wconf 76' lang='lat' dir='ltr'>ANTAPODOSIS.</span> <span class='ocrx_word' id='word_1_3' title='bbox 797 189 871 243; x_wconf 74' lang='lat' dir='ltr'>Lis.</span> <span class='ocrx_word' id='word_1_4' title='bbox 891 188 947 242; x_wconf 91' lang='lat'>111.</span> <span class='ocrx_word' id='word_1_5' title='bbox 986 189 1107 241; x_wconf 76' lang='lat'>40-41.</span> <span class='ocrx_word' id='word_1_6' title='bbox 1216 187 1249 238; x_wconf 83' lang='lat' dir='ltr'>&#39;il</span> 
     </span>
    </p>
   </div>
   <div class='ocr_carea' id='block_1_2' title="bbox 108 358 1464 3764">
    <p class='ocr_par' dir='ltr' id='par_1_2' title="bbox 109 358 1366 1208">
     <span class='ocr_line' id='line_1_2' title="bbox 109 358 1250 446; baseline -0.001 -21"><span class='ocrx_word' id='word_1_7' title='bbox 109 358 226 442; x_wconf 83' lang='lat' dir='ltr'>fortes,</span> <span class='ocrx_word' id='word_1_8' title='bbox 259 369 392 446; x_wconf 90' lang='lat' dir='ltr'>tamque</span> <span class='ocrx_word' id='word_1_9' title='bbox 425 360 588 446; x_wconf 81' lang='lat' dir='ltr'>insperate</span> <span class='ocrx_word' id='word_1_10' title='bbox 620 369 733 425; x_wconf 88' lang='lat' dir='ltr'>contra</span> <span class='ocrx_word' id='word_1_11' title='bbox 769 358 955 443; x_wconf 90' lang='lat' dir='ltr'>dominum,</span> <span class='ocrx_word' id='word_1_12' title='bbox 992 360 1092 425; x_wconf 90' lang='lat' dir='ltr'>imino</span> <span class='ocrx_word' id='word_1_13' title='bbox 1128 379 1250 445; x_wconf 85' lang='lat' dir='ltr'>regem,</span> 
     </span>
     <span class='ocr_line' id='line_1_3' title="bbox 109 442 1250 544; baseline 0.001 -36"><span class='ocrx_word' id='word_1_14' title='bbox 109 454 254 510; x_wconf 87' lang='lat' dir='ltr'>vestrum</span> <span class='ocrx_word' id='word_1_15' title='bbox 275 445 430 510; x_wconf 87' lang='lat' dir='ltr'>commoti</span> <span class='ocrx_word' id='word_1_16' title='bbox 451 443 552 510; x_wconf 79' lang='lat' dir='ltr'>estis?</span> <span class='ocrx_word' id='word_1_17' title='bbox 596 443 632 510; x_wconf 85' lang='lat' dir='ltr'>Si</span> <span class='ocrx_word' id='word_1_18' title='bbox 654 444 823 543; x_wconf 83' lang='lat' dir='ltr'><strong>quippiam</strong></span> <span class='ocrx_word' id='word_1_19' title='bbox 838 443 927 533; x_wconf 91' lang='lat' dir='ltr'>quod</span> <span class='ocrx_word' id='word_1_20' title='bbox 948 442 1120 544; x_wconf 76' lang='lat' dir='ltr'>displiceat</span> <span class='ocrx_word' id='word_1_21' title='bbox 1139 455 1250 511; x_wconf 89' lang='lat' dir='ltr'>actum</span> 
     </span>
     <span class='ocr_line' id='line_1_4' title="bbox 111 527 1251 617; baseline 0 -22"><span class='ocrx_word' id='word_1_22' title='bbox 111 538 168 612; x_wconf 84' lang='lat' dir='ltr'>est,</span> <span class='ocrx_word' id='word_1_23' title='bbox 202 527 430 595; x_wconf 84' lang='lat' dir='ltr'>consolidetur.</span> <span class='ocrx_word' id='word_1_24' title='bbox 473 527 524 595; x_wconf 87' lang='lat' dir='ltr'>Ne</span> <span class='ocrx_word' id='word_1_25' title='bbox 548 551 589 596; x_wconf 91' lang='lat' dir='ltr'>ue</span> <span class='ocrx_word' id='word_1_26' title='bbox 622 551 709 596; x_wconf 92' lang='lat' dir='ltr'>enim</span> <span class='ocrx_word' id='word_1_27' title='bbox 741 551 813 595; x_wconf 89' lang='lat' dir='ltr'>sera</span> <span class='ocrx_word' id='word_1_28' title='bbox 846 528 1028 596; x_wconf 73' lang='lat' dir='ltr'>emendatio</span> <span class='ocrx_word' id='word_1_29' title='bbox 1056 528 1251 617; x_wconf 83' lang='lat' dir='ltr'>reprehendi</span> 
     </span>
     <span class='ocr_line' id='line_1_5' title="bbox 110 611 1366 703; baseline 0 -23"><span class='ocrx_word' id='word_1_30' title='bbox 110 612 209 697; x_wconf 85' lang='lat' dir='ltr'>solet,</span> <span class='ocrx_word' id='word_1_31' title='bbox 237 613 408 703; x_wconf 86' lang='lat' dir='ltr'>presertim</span> <span class='ocrx_word' id='word_1_32' title='bbox 437 615 464 679; x_wconf 90' lang='lat' dir='ltr'>si</span> <span class='ocrx_word' id='word_1_33' title='bbox 489 637 511 679; x_wconf 91' lang='lat' dir='ltr'>n</span> <span class='ocrx_word' id='word_1_34' title='bbox 606 611 811 702; x_wconf 82' lang='lat' dir='ltr'>neglegentia</span> <span class='ocrx_word' id='word_1_35' title='bbox 837 614 1044 702; x_wconf 88' lang='lat' dir='ltr'>pretermissa</span> <span class='ocrx_word' id='word_1_36' title='bbox 1072 615 1138 681; x_wconf 76' lang='lat' dir='ltr'>est.</span> <span class='ocrx_word' id='word_1_37' title='bbox 1188 613 1250 680; x_wconf 90' lang='lat' dir='ltr'>His</span> <span class='ocrx_word' id='word_1_38' title='bbox 1359 624 1366 636; x_wconf 90' lang='lat'>&#39;</span> 
     </span>
     <span class='ocr_line' id='line_1_6' title="bbox 109 695 1251 787; baseline -0.001 -22"><span class='ocrx_word' id='word_1_39' title='bbox 109 697 244 781; x_wconf 88' lang='lat' dir='ltr'>auditis,</span> <span class='ocrx_word' id='word_1_40' title='bbox 272 697 414 766; x_wconf 88' lang='lat' dir='ltr'>furorem</span> <span class='ocrx_word' id='word_1_41' title='bbox 444 699 554 766; x_wconf 87' lang='lat' dir='ltr'>cuncti</span> <span class='ocrx_word' id='word_1_42' title='bbox 585 699 685 764; x_wconf 90' lang='lat' dir='ltr'>animi</span> <span class='ocrx_word' id='word_1_43' title='bbox 718 699 918 787; x_wconf 82' lang='lat' dir='ltr'>mitigarimt</span> <span class='ocrx_word' id='word_1_44' title='bbox 963 698 1058 767; x_wconf 85' lang='lat' dir='ltr'>Solus</span> <span class='ocrx_word' id='word_1_45' title='bbox 1092 695 1183 766; x_wconf 81' lang='lat' dir='ltr'>Geao</span> <span class='ocrx_word' id='word_1_46' title='bbox 1216 699 1251 764; x_wconf 93' lang='lat' dir='ltr'>iii</span> 
     </span>
     <span class='ocr_line' id='line_1_7' title="bbox 110 783 1250 873; baseline 0 -22"><span class='ocrx_word' id='word_1_47' title='bbox 110 806 175 873; x_wconf 90' lang='lat' dir='ltr'>qua</span> <span class='ocrx_word' id='word_1_48' title='bbox 195 784 287 871; x_wconf 92' lang='lat' dir='ltr'>prius</span> <span class='ocrx_word' id='word_1_49' title='bbox 308 783 414 850; x_wconf 86' lang='lat' dir='ltr'>fuerat</span> <span class='ocrx_word' id='word_1_50' title='bbox 433 785 598 871; x_wconf 84' lang='lat' dir='ltr'>protervia</span> <span class='ocrx_word' id='word_1_51' title='bbox 612 804 757 867; x_wconf 86' lang='lat' dir='ltr'>manens,</span> <span class='ocrx_word' id='word_1_52' title='bbox 779 805 912 871; x_wconf 90' lang='lat' dir='ltr'>operam</span> <span class='ocrx_word' id='word_1_53' title='bbox 926 783 1034 868; x_wconf 84' lang='lat' dir='ltr'>dabat,</span> <span class='ocrx_word' id='word_1_54' title='bbox 1057 805 1121 873; x_wconf 88' lang='lat' dir='ltr'>quo</span> <span class='ocrx_word' id='word_1_55' title='bbox 1138 805 1250 851; x_wconf 89' lang='lat' dir='ltr'>omnes</span> 
     </span>
     <span class='ocr_line' id='line_1_8' title="bbox 110 869 1250 957; baseline 0 -23"><span class='ocrx_word' id='word_1_56' title='bbox 110 891 208 957; x_wconf 89' lang='lat' dir='ltr'>super</span> <span class='ocrx_word' id='word_1_57' title='bbox 227 891 263 936; x_wconf 88' lang='lat' dir='ltr'>re</span> <span class='ocrx_word' id='word_1_58' title='bbox 305 891 339 934; x_wconf 94' lang='lat' dir='ltr'>m</span> <span class='ocrx_word' id='word_1_59' title='bbox 360 869 519 935; x_wconf 89' lang='lat' dir='ltr'>irruerent</span> <span class='ocrx_word' id='word_1_60' title='bbox 540 890 682 957; x_wconf 87' lang='lat' dir='ltr'>eumque</span> <span class='ocrx_word' id='word_1_61' title='bbox 709 879 814 934; x_wconf 88' lang='lat' dir='ltr'>morte</span> <span class='ocrx_word' id='word_1_62' title='bbox 844 869 1032 956; x_wconf 82' lang='lat' dir='ltr'>turpissima</span> <span class='ocrx_word' id='word_1_63' title='bbox 1057 870 1250 936; x_wconf 83' lang='lat' dir='ltr'>cmciarent.</span> 
     </span>
     <span class='ocr_line' id='line_1_9' title="bbox 110 952 1251 1041; baseline 0.001 -21"><span class='ocrx_word' id='word_1_64' title='bbox 110 954 234 1020; x_wconf 86' lang='lat' dir='ltr'>Verum</span> <span class='ocrx_word' id='word_1_65' title='bbox 281 955 448 1041; x_wconf 86' lang='lat' dir='ltr'>‘ponente</span> <span class='ocrx_word' id='word_1_66' title='bbox 471 954 543 1037; x_wconf 87' lang='lat' dir='ltr'>deo,</span> <span class='ocrx_word' id='word_1_67' title='bbox 564 953 700 1020; x_wconf 81' lang='lat' dir='ltr'>affectus</span> <span class='ocrx_word' id='word_1_68' title='bbox 722 954 792 1020; x_wconf 89' lang='lat' dir='ltr'>eius</span> <span class='ocrx_word' id='word_1_69' title='bbox 813 975 933 1041; x_wconf 88' lang='lat' dir='ltr'>pravus</span> <span class='ocrx_word' id='word_1_70' title='bbox 955 954 1107 1022; x_wconf 81' lang='lat' dir='ltr'>effectum</span> <span class='ocrx_word' id='word_1_71' title='bbox 1130 952 1251 1021; x_wconf 87' lang='lat' dir='ltr'>hahere</span> 
     </span>
     <span class='ocr_line' id='line_1_10' title="bbox 110 1037 1252 1128; baseline 0.002 -24"><span class='ocrx_word' id='word_1_72' title='bbox 110 1061 175 1106; x_wconf 91' lang='lat' dir='ltr'>non</span> <span class='ocrx_word' id='word_1_73' title='bbox 196 1040 311 1127; x_wconf 84' lang='lat' dir='ltr'>potuit.</span> <span class='ocrx_word' id='word_1_74' title='bbox 354 1039 489 1105; x_wconf 88' lang='lat' dir='ltr'>Reversi</span> <span class='ocrx_word' id='word_1_75' title='bbox 510 1039 609 1128; x_wconf 76' lang='lat' dir='ltr'>igitur</span> <span class='ocrx_word' id='word_1_76' title='bbox 630 1039 673 1104; x_wconf 90' lang='lat' dir='ltr'>ad</span> <span class='ocrx_word' id='word_1_77' title='bbox 693 1060 806 1127; x_wconf 84' lang='lat' dir='ltr'>regem</span> <span class='ocrx_word' id='word_1_78' title='bbox 827 1039 1073 1128; x_wconf 79' lang='lat' dir='ltr'>nuntii„prout</span> <span class='ocrx_word' id='word_1_79' title='bbox 1101 1037 1252 1106; x_wconf 88' lang='lat' dir='ltr'>videraut</span> 
     </span>
     <span class='ocr_line' id='line_1_11' title="bbox 110 1123 564 1208; baseline -0.002 -18"><span class='ocrx_word' id='word_1_80' title='bbox 110 1123 564 1208; x_wconf 70' lang='lat' dir='ltr'>etaudmnuu,enanamun.</span> 
     </span>
    </p>

    <p class='ocr_par' dir='ltr' id='par_1_3' title="bbox 108 1205 1341 1637">
     <span class='ocr_line' id='line_1_12' title="bbox 116 1205 1318 1299; baseline -0.005 -23"><span class='ocrx_word' id='word_1_81' title='bbox 116 1260 118 1262; x_wconf 84' lang='grc'>-</span> <span class='ocrx_word' id='word_1_82' title='bbox 195 1212 248 1276; x_wconf 88' lang='grc'>41.</span> <span class='ocrx_word' id='word_1_83' title='bbox 281 1208 386 1276; x_wconf 86' lang='lat' dir='ltr'>I&#39;tur</span> <span class='ocrx_word' id='word_1_84' title='bbox 417 1231 478 1275; x_wconf 86' lang='lat' dir='ltr'>rex</span> <span class='ocrx_word' id='word_1_85' title='bbox 510 1209 545 1275; x_wconf 91' lang='lat' dir='ltr'><strong>H</strong></span> <span class='ocrx_word' id='word_1_86' title='bbox 646 1209 728 1277; x_wconf 90' lang='lat' dir='ltr'>haec</span> <span class='ocrx_word' id='word_1_87' title='bbox 760 1210 869 1277; x_wconf 92' lang='lat' dir='ltr'>omnia</span> <span class='ocrx_word' id='word_1_88' title='bbox 905 1211 999 1299; x_wconf 89' lang='lat' dir='ltr'>quasi</span> <span class='ocrx_word' id='word_1_89' title='bbox 1057 1232 1094 1276; x_wconf 90' lang='lat' dir='ltr'>ro</span> <span class='ocrx_word' id='word_1_90' title='bbox 1130 1205 1250 1275; x_wconf 89' lang='lat' dir='ltr'>nichilo</span> <span class='ocrx_word' id='word_1_91' title='bbox 1261 1226 1318 1284; x_wconf 83' lang='grc' dir='ltr'><strong>(ιι.)</strong></span> 
     </span>
     <span class='ocr_line' id='line_1_13' title="bbox 110 1232 1251 1395; baseline 0.001 -37"><span class='ocrx_word' id='word_1_92' title='bbox 110 1303 218 1361; x_wconf 87' lang='lat' dir='ltr'>mente</span> <span class='ocrx_word' id='word_1_93' title='bbox 240 1295 302 1362; x_wconf 90' lang='lat' dir='ltr'>sub</span> <span class='ocrx_word' id='word_1_94' title='bbox 327 1293 379 1360; x_wconf 91' lang='lat' dir='ltr'>ola</span> <span class='ocrx_word' id='word_1_95' title='bbox 400 1293 533 1376; x_wconf 88' lang='lat' dir='ltr'>ducens,</span> <span class='ocrx_word' id='word_1_96' title='bbox 583 1295 660 1395; x_wconf 90' lang='lat' dir='ltr'>apia</span> <span class='ocrx_word' id='word_1_97' title='bbox 740 1316 841 1378; x_wconf 90' lang='lat' dir='ltr'>essiis,</span> <span class='ocrx_word' id='word_1_98' title='bbox 862 1292 959 1382; x_wconf 86' lang='lat' dir='ltr'>longe</span> <span class='ocrx_word' id='word_1_99' title='bbox 981 1232 1057 1361; x_wconf 54' lang='lat' dir='ltr'>alid)</span> <span class='ocrx_word' id='word_1_100' title='bbox 1075 1316 1251 1382; x_wconf 88' lang='lat' dir='ltr'>properare</span> 
     </span>
     <span class='ocr_line' id='line_1_14' title="bbox 109 1376 1341 1468; baseline 0.002 -25"><span class='ocrx_word' id='word_1_101' title='bbox 109 1378 249 1462; x_wconf 84' lang='lat' dir='ltr'>festinat,</span> <span class='ocrx_word' id='word_1_102' title='bbox 272 1380 444 1468; x_wconf 85' lang='lat' dir='ltr'>missisque</span> <span class='ocrx_word' id='word_1_103' title='bbox 467 1379 678 1446; x_wconf 80' lang='lat' dir='ltr'>circumcirca</span> <span class='ocrx_word' id='word_1_104' title='bbox 710 1379 820 1463; x_wconf 78' lang='lat' dir='ltr'>ibris·,</span> <span class='ocrx_word' id='word_1_105' title='bbox 841 1376 959 1446; x_wconf 82' lang='lat' dir='ltr'>milites</span> <span class='ocrx_word' id='word_1_106' title='bbox 981 1402 1057 1446; x_wconf 86' lang='lat' dir='ltr'>auos</span> <span class='ocrx_word' id='word_1_107' title='bbox 1077 1379 1120 1446; x_wconf 91' lang='lat' dir='ltr'>ad</span> <span class='ocrx_word' id='word_1_108' title='bbox 1142 1401 1176 1445; x_wconf 90' lang='lat' dir='ltr'>se</span> <span class='ocrx_word' id='word_1_109' title='bbox 1197 1401 1251 1446; x_wconf 86' lang='lat' dir='ltr'>ve·</span> <span class='ocrx_word' id='word_1_110' title='bbox 1340 1407 1341 1412; x_wconf 44' lang='lat'>¹</span> 
     </span>
     <span class='ocr_line' id='line_1_15' title="bbox 109 1462 1252 1552; baseline 0.002 -22"><span class='ocrx_word' id='word_1_111' title='bbox 109 1464 179 1530; x_wconf 91' lang='lat' dir='ltr'>nire</span> <span class='ocrx_word' id='word_1_112' title='bbox 206 1465 364 1552; x_wconf 80' lang='lat' dir='ltr'>precepit</span> <span class='ocrx_word' id='word_1_113' title='bbox 408 1462 500 1545; x_wconf 78' lang='lat' dir='ltr'>Quos</span> <span class='ocrx_word' id='word_1_114' title='bbox 527 1465 611 1532; x_wconf 89' lang='lat' dir='ltr'>inter</span> <span class='ocrx_word' id='word_1_115' title='bbox 633 1463 772 1530; x_wconf 78' lang='lat' dir='ltr'>Samson</span> <span class='ocrx_word' id='word_1_116' title='bbox 800 1475 976 1552; x_wconf 85' lang='lat' dir='ltr'>prepotens</span> <span class='ocrx_word' id='word_1_117' title='bbox 1004 1477 1131 1532; x_wconf 86' lang='lat' dir='ltr'>comes¹</span> <span class='ocrx_word' id='word_1_118' title='bbox 1155 1462 1252 1532; x_wconf 85' lang='lat' dir='ltr'>adv&#39;e-</span> 
     </span>
     <span class='ocr_line' id='line_1_16' title="bbox 108 1547 1251 1637; baseline 0.002 -24"><span class='ocrx_word' id='word_1_119' title='bbox 108 1557 211 1632; x_wconf 86' lang='lat' dir='ltr'>uerat,</span> <span class='ocrx_word' id='word_1_120' title='bbox 241 1550 298 1637; x_wconf 92' lang='lat' dir='ltr'>qui</span> <span class='ocrx_word' id='word_1_121' title='bbox 318 1550 385 1614; x_wconf 90' lang='lat' dir='ltr'>iam</span> <span class='ocrx_word' id='word_1_122' title='bbox 407 1549 494 1615; x_wconf 89' lang='lat' dir='ltr'>dicto</span> <span class='ocrx_word' id='word_1_123' title='bbox 518 1547 643 1616; x_wconf 80' lang='lat' dir='ltr'>Gezoni</span> <span class='ocrx_word' id='word_1_124' title='bbox 668 1549 911 1615; x_wconf 85' lang='lat' dir='ltr'>inimicissimus</span> <span class='ocrx_word' id='word_1_125' title='bbox 933 1560 1012 1616; x_wconf 87' lang='lat' dir='ltr'>erat.</span> <span class='ocrx_word' id='word_1_126' title='bbox 1054 1548 1089 1616; x_wconf 92' lang='lat' dir='ltr'>Is</span> <span class='ocrx_word' id='word_1_127' title='bbox 1111 1547 1251 1636; x_wconf 89' lang='lat' dir='ltr'>denique</span> 
     </span>
    </p>

    <p class='ocr_par' dir='ltr' id='par_1_4' title="bbox 108 1631 1251 1722">
     <span class='ocr_line' id='line_1_17' title="bbox 108 1631 1251 1722; baseline 0 -24"><span class='ocrx_word' id='word_1_128' title='bbox 108 1656 144 1701; x_wconf 93' lang='lat' dir='ltr'>re</span> <span class='ocrx_word' id='word_1_129' title='bbox 187 1656 221 1699; x_wconf 93' lang='lat' dir='ltr'>in</span> <span class='ocrx_word' id='word_1_130' title='bbox 242 1645 279 1701; x_wconf 89' lang='lat' dir='ltr'>ut</span> <span class='ocrx_word' id='word_1_131' title='bbox 300 1633 391 1717; x_wconf 89' lang='lat' dir='ltr'>vidit,</span> <span class='ocrx_word' id='word_1_132' title='bbox 413 1656 488 1700; x_wconf 93' lang='lat' dir='ltr'>euin</span> <span class='ocrx_word' id='word_1_133' title='bbox 509 1635 555 1700; x_wconf 89' lang='lat' dir='ltr'>ita</span> <span class='ocrx_word' id='word_1_134' title='bbox 577 1634 742 1700; x_wconf 89' lang='lat' dir='ltr'>convenit:</span> <span class='ocrx_word' id='word_1_135' title='bbox 765 1631 959 1700; x_wconf 84' lang='lat' dir='ltr'>‘Sollicitum</span> <span class='ocrx_word' id='word_1_136' title='bbox 981 1644 1014 1701; x_wconf 89' lang='lat' dir='ltr'>te</span> <span class='ocrx_word' id='word_1_137' title='bbox 1036 1634 1189 1722; x_wconf 89' lang='lat' dir='ltr'>equidem</span> <span class='ocrx_word' id='word_1_138' title='bbox 1210 1631 1251 1699; x_wconf 90' lang='lat' dir='ltr'>de</span> 
     </span>
    </p>

    <p class='ocr_par' dir='ltr' id='par_1_5' title="bbox 108 1716 1464 3764">
     <span class='ocr_line' id='line_1_18' title="bbox 110 1716 1252 1788; baseline 0.001 -5"><span class='ocrx_word' id='word_1_139' title='bbox 110 1739 150 1783; x_wconf 90' lang='lat' dir='ltr'>ur</span> <span class='ocrx_word' id='word_1_140' title='bbox 171 1720 243 1786; x_wconf 90' lang='lat' dir='ltr'>anis</span> <span class='ocrx_word' id='word_1_141' title='bbox 273 1720 371 1786; x_wconf 90' lang='lat' dir='ltr'>rebus</span> <span class='ocrx_word' id='word_1_142' title='bbox 400 1727 512 1785; x_wconf 88' lang='lat' dir='ltr'>contra</span> <span class='ocrx_word' id='word_1_143' title='bbox 543 1729 575 1787; x_wconf 92' lang='lat' dir='ltr'>te</span> <span class='ocrx_word' id='word_1_144' title='bbox 602 1718 800 1786; x_wconf 86' lang='lat' dir='ltr'>tumultuose</span> <span class='ocrx_word' id='word_1_145' title='bbox 827 1729 860 1785; x_wconf 86' lang='lat' dir='ltr'>et</span> <span class='ocrx_word' id='word_1_146' title='bbox 889 1717 1025 1788; x_wconf 87' lang='lat' dir='ltr'>moleste</span> <span class='ocrx_word' id='word_1_147' title='bbox 1052 1718 1103 1784; x_wconf 91' lang='lat' dir='ltr'>his</span> <span class='ocrx_word' id='word_1_148' title='bbox 1136 1716 1252 1786; x_wconf 88' lang='lat' dir='ltr'>diebus</span> 
     </span>
     <span class='ocr_line' id='line_1_19' title="bbox 109 1803 1252 1892; baseline -0.002 -22"><span class='ocrx_word' id='word_1_149' title='bbox 109 1805 191 1870; x_wconf 86' lang='lat' dir='ltr'>actis</span> <span class='ocrx_word' id='word_1_150' title='bbox 220 1805 364 1888; x_wconf 70' lang='lat' dir='ltr'>intueor,</span> <span class='ocrx_word' id='word_1_151' title='bbox 395 1826 509 1871; x_wconf 89' lang='lat' dir='ltr'>verum</span> <span class='ocrx_word' id='word_1_152' title='bbox 537 1806 566 1870; x_wconf 92' lang='lat' dir='ltr'>si</span> <span class='ocrx_word' id='word_1_153' title='bbox 593 1826 646 1871; x_wconf 92' lang='lat' dir='ltr'>me</span> <span class='ocrx_word' id='word_1_154' title='bbox 667 1804 760 1871; x_wconf 91' lang='lat' dir='ltr'>audis</span> <span class='ocrx_word' id='word_1_155' title='bbox 781 1803 926 1891; x_wconf 88' lang='lat' dir='ltr'>mihique</span> <span class='ocrx_word' id='word_1_156' title='bbox 947 1805 1163 1892; x_wconf 80' lang='lat' dir='ltr'>obtemperas,</span> <span class='ocrx_word' id='word_1_157' title='bbox 1186 1803 1252 1869; x_wconf 88' lang='lat' dir='ltr'>suis</span> 
     </span>
     <span class='ocr_line' id='line_1_20' title="bbox 108 1886 1253 1980; baseline -0.001 -26"><span class='ocrx_word' id='word_1_158' title='bbox 108 1889 171 1954; x_wconf 91' lang='lat' dir='ltr'>isi</span> <span class='ocrx_word' id='word_1_159' title='bbox 200 1887 325 1980; x_wconf 80' lang='lat' dir='ltr'>laqueis</span> <span class='ocrx_word' id='word_1_160' title='bbox 357 1890 535 1976; x_wconf 84' lang='lat' dir='ltr'>capientur.</span> <span class='ocrx_word' id='word_1_161' title='bbox 586 1888 680 1955; x_wconf 90' lang='lat' dir='ltr'>Alter</span> <span class='ocrx_word' id='word_1_162' title='bbox 707 1889 810 1973; x_wconf 89' lang='lat' dir='ltr'>enim,</span> <span class='ocrx_word' id='word_1_163' title='bbox 844 1889 901 1978; x_wconf 92' lang='lat' dir='ltr'>qui</span> <span class='ocrx_word' id='word_1_164' title='bbox 932 1887 1049 1956; x_wconf 88' lang='lat' dir='ltr'>melius</span> <span class='ocrx_word' id='word_1_165' title='bbox 1082 1886 1253 1956; x_wconf 86' lang='lat' dir='ltr'>consilium</span> 
     </span>
     <span class='ocr_line' id='line_1_21' title="bbox 110 1912 1252 2125; baseline -0.001 -84"><span class='ocrx_word' id='word_1_166' title='bbox 110 1912 188 2041; x_wconf 73' lang='lat' dir='ltr'>dire</span> <span class='ocrx_word' id='word_1_167' title='bbox 215 1976 321 2063; x_wconf 89' lang='lat' dir='ltr'>possit</span> <span class='ocrx_word' id='word_1_168' title='bbox 341 1995 446 2063; x_wconf 62' lang='lat' dir='ltr'>‚quain</span> <span class='ocrx_word' id='word_1_169' title='bbox 473 1996 550 2125; x_wconf 63' lang='lat' dir='ltr'>eqo,</span> <span class='ocrx_word' id='word_1_170' title='bbox 578 1997 644 2041; x_wconf 91' lang='lat' dir='ltr'>non</span> <span class='ocrx_word' id='word_1_171' title='bbox 675 1972 769 2040; x_wconf 85' lang='lat' dir='ltr'>facile</span> <span class='ocrx_word' id='word_1_172' title='bbox 791 1974 929 2040; x_wconf 84' lang='lat' dir='ltr'>inveniri</span> <span class='ocrx_word' id='word_1_173' title='bbox 950 1987 1070 2063; x_wconf 82' lang='lat' dir='ltr'>potest3</span> <span class='ocrx_word' id='word_1_174' title='bbox 1091 1974 1154 2042; x_wconf 90' lang='lat' dir='ltr'>tibi</span> <span class='ocrx_word' id='word_1_175' title='bbox 1174 1995 1252 2040; x_wconf 88' lang='lat' dir='ltr'>vero</span> 
     </span>
     <span class='ocr_line' id='line_1_22' title="bbox 109 2056 1251 2147; baseline 0 -24"><span class='ocrx_word' id='word_1_176' title='bbox 109 2059 172 2146; x_wconf 85' lang='lat' dir='ltr'>ipsi</span> <span class='ocrx_word' id='word_1_177' title='bbox 203 2070 291 2126; x_wconf 88' lang='lat' dir='ltr'>certe</span> <span class='ocrx_word' id='word_1_178' title='bbox 321 2081 419 2126; x_wconf 89' lang='lat' dir='ltr'>nemo</span> <span class='ocrx_word' id='word_1_179' title='bbox 441 2082 494 2126; x_wconf 92' lang='lat' dir='ltr'>me</span> <span class='ocrx_word' id='word_1_180' title='bbox 508 2061 557 2125; x_wconf 90' lang='lat' dir='ltr'>&#39;us</span> <span class='ocrx_word' id='word_1_181' title='bbox 579 2058 680 2126; x_wconf 88' lang='lat' dir='ltr'>dabit</span> <span class='ocrx_word' id='word_1_182' title='bbox 723 2057 836 2126; x_wconf 90' lang='lat' dir='ltr'>Unum</span> <span class='ocrx_word' id='word_1_183' title='bbox 857 2069 968 2127; x_wconf 88' lang='lat' dir='ltr'>tamen</span> <span class='ocrx_word' id='word_1_184' title='bbox 989 2070 1080 2147; x_wconf 89' lang='lat' dir='ltr'>peto,</span> <span class='ocrx_word' id='word_1_185' title='bbox 1108 2070 1146 2126; x_wconf 93' lang='lat' dir='ltr'>ut</span> <span class='ocrx_word' id='word_1_186' title='bbox 1172 2056 1251 2123; x_wconf 90' lang='lat' dir='ltr'>dum</span> 
     </span>
     <span class='ocr_line' id='line_1_23' title="bbox 110 2142 1253 2234; baseline -0.001 -24"><span class='ocrx_word' id='word_1_187' title='bbox 110 2145 199 2232; x_wconf 84' lang='lat' dir='ltr'>capti</span> <span class='ocrx_word' id='word_1_188' title='bbox 220 2167 295 2212; x_wconf 89' lang='lat' dir='ltr'>mea</span> <span class='ocrx_word' id='word_1_189' title='bbox 317 2167 416 2234; x_wconf 87' lang='lat' dir='ltr'>opera</span> <span class='ocrx_word' id='word_1_190' title='bbox 437 2143 565 2227; x_wconf 84' lang='lat' dir='ltr'>fuerint,</span> <span class='ocrx_word' id='word_1_191' title='bbox 590 2144 680 2212; x_wconf 81' lang='lat' dir='ltr'>Gezo</span> <span class='ocrx_word' id='word_1_192' title='bbox 703 2165 779 2210; x_wconf 90' lang='lat' dir='ltr'>cuin</span> <span class='ocrx_word' id='word_1_193' title='bbox 802 2145 891 2209; x_wconf 90' lang='lat' dir='ltr'>omni</span> <span class='ocrx_word' id='word_1_194' title='bbox 912 2166 973 2210; x_wconf 87' lang='lat' dir='ltr'>sua</span> <span class='ocrx_word' id='word_1_195' title='bbox 1002 2144 1150 2233; x_wconf 83' lang='lat' dir='ltr'>ypostasi</span> <span class='ocrx_word' id='word_1_196' title='bbox 1170 2142 1253 2210; x_wconf 88' lang='lat' dir='ltr'>ineis</span> 
     </span>
     <span class='ocr_line' id='line_1_24' title="bbox 109 2226 1253 2317; baseline -0.002 -21"><span class='ocrx_word' id='word_1_197' title='bbox 109 2229 258 2297; x_wconf 88' lang='lat' dir='ltr'>tradatur</span> <span class='ocrx_word' id='word_1_198' title='bbox 287 2230 321 2295; x_wconf 93' lang='lat' dir='ltr'>in</span> <span class='ocrx_word' id='word_1_199' title='bbox 342 2228 512 2295; x_wconf 90' lang='lat' dir='ltr'>manibus’.</span> <span class='ocrx_word' id='word_1_200' title='bbox 558 2228 665 2311; x_wconf 81' lang='lat' dir='ltr'>Quem</span> <span class='ocrx_word' id='word_1_201' title='bbox 692 2227 771 2295; x_wconf 90' lang='lat' dir='ltr'>dum</span> <span class='ocrx_word' id='word_1_202' title='bbox 797 2228 868 2294; x_wconf 86' lang='lat' dir='ltr'>dari</span> <span class='ocrx_word' id='word_1_203' title='bbox 894 2229 958 2296; x_wconf 89' lang='lat' dir='ltr'>sibi</span> <span class='ocrx_word' id='word_1_204' title='bbox 978 2251 999 2294; x_wconf 90' lang='lat' dir='ltr'>a</span> <span class='ocrx_word' id='word_1_205' title='bbox 1019 2251 1096 2317; x_wconf 82' lang='lat' dir='ltr'>rege</span> <span class='ocrx_word' id='word_1_206' title='bbox 1118 2226 1253 2312; x_wconf 82' lang='lat' dir='ltr'>audivit,</span> 
     </span>
     <span class='ocr_line' id='line_1_25' title="bbox 110 2310 1253 2403; baseline -0.002 -21"><span class='ocrx_word' id='word_1_207' title='bbox 110 2314 242 2383; x_wconf 84' lang='lat' dir='ltr'>adiecit:</span> <span class='ocrx_word' id='word_1_208' title='bbox 266 2315 343 2382; x_wconf 83' lang='lat' dir='ltr'>‘Leo</span> <span class='ocrx_word' id='word_1_209' title='bbox 366 2314 547 2380; x_wconf 79' lang='lat' dir='ltr'>&#39;licinensis</span> <span class='ocrx_word' id='word_1_210' title='bbox 568 2315 743 2403; x_wconf 87' lang='lat' dir='ltr'>episcopus</span> <span class='ocrx_word' id='word_1_211' title='bbox 765 2314 916 2397; x_wconf 85' lang='lat' dir='ltr'>civitatis,</span> <span class='ocrx_word' id='word_1_212' title='bbox 941 2312 1111 2402; x_wconf 84' lang='lat' dir='ltr'>Walperto</span> <span class='ocrx_word' id='word_1_213' title='bbox 1133 2324 1167 2380; x_wconf 89' lang='lat' dir='ltr'>et</span> <span class='ocrx_word' id='word_1_214' title='bbox 1189 2310 1253 2380; x_wconf 78' lang='lat' dir='ltr'>Ge</span> 
     </span>
     <span class='ocr_line' id='line_1_26' title="bbox 110 2397 1254 2498; baseline -0.003 -33"><span class='ocrx_word' id='word_1_215' title='bbox 110 2399 184 2466; x_wconf 79' lang='lat' dir='ltr'>zoni</span> <span class='ocrx_word' id='word_1_216' title='bbox 211 2422 276 2466; x_wconf 92' lang='lat' dir='ltr'>non</span> <span class='ocrx_word' id='word_1_217' title='bbox 305 2399 443 2467; x_wconf 90' lang='lat' dir='ltr'>habetur</span> <span class='ocrx_word' id='word_1_218' title='bbox 474 2399 614 2484; x_wconf 89' lang='lat' dir='ltr'>amicus;</span> <span class='ocrx_word' id='word_1_219' title='bbox 647 2399 670 2464; x_wconf 94' lang='lat' dir='ltr'>ii</span> <span class='ocrx_word' id='word_1_220' title='bbox 703 2421 780 2465; x_wconf 89' lang='lat' dir='ltr'>sane</span> <span class='ocrx_word' id='word_1_221' title='bbox 813 2420 1020 2498; x_wconf 90' lang='lat' dir='ltr'>quocumque</span> <span class='ocrx_word' id='word_1_222' title='bbox 1053 2408 1192 2486; x_wconf 88' lang='lat' dir='ltr'>possunt</span> <span class='ocrx_word' id='word_1_223' title='bbox 1223 2397 1254 2465; x_wconf 89' lang='lat' dir='ltr'>ei</span> 
     </span>
     <span class='ocr_line' id='line_1_27' title="bbox 111 2481 1253 2585; baseline -0.002 -35"><span class='ocrx_word' id='word_1_224' title='bbox 111 2485 307 2551; x_wconf 91' lang='lat' dir='ltr'>omnimodis</span> <span class='ocrx_word' id='word_1_225' title='bbox 336 2483 560 2551; x_wconf 84' lang='lat' dir='ltr'>adversantur.</span> <span class='ocrx_word' id='word_1_226' title='bbox 605 2483 703 2551; x_wconf 83' lang='lat' dir='ltr'>Scitis</span> <span class='ocrx_word' id='word_1_227' title='bbox 726 2483 877 2585; x_wconf 90' lang='lat' dir='ltr'>denique,</span> <span class='ocrx_word' id='word_1_228' title='bbox 899 2505 999 2549; x_wconf 90' lang='lat' dir='ltr'>moris</span> <span class='ocrx_word' id='word_1_229' title='bbox 1022 2505 1102 2565; x_wconf 88' lang='lat' dir='ltr'>esse,</span> <span class='ocrx_word' id='word_1_230' title='bbox 1123 2481 1195 2569; x_wconf 85' lang='lat' dir='ltr'>regi</span> <span class='ocrx_word' id='word_1_231' title='bbox 1209 2481 1253 2549; x_wconf 89' lang='lat' dir='ltr'>ab</span> 
     </span>
     <span class='ocr_line' id='line_1_28' title="bbox 109 2567 1255 2638; baseline -0.003 -3"><span class='ocrx_word' id='word_1_232' title='bbox 109 2567 182 2635; x_wconf 88' lang='lat' dir='ltr'>aliis</span> <span class='ocrx_word' id='word_1_233' title='bbox 202 2569 283 2636; x_wconf 89' lang='lat' dir='ltr'>locis</span> <span class='ocrx_word' id='word_1_234' title='bbox 304 2569 352 2636; x_wconf 90' lang='lat' dir='ltr'>Pa</span> <span class='ocrx_word' id='word_1_235' title='bbox 375 2571 441 2635; x_wconf 89' lang='lat' dir='ltr'>iam</span> <span class='ocrx_word' id='word_1_236' title='bbox 462 2569 607 2638; x_wconf 85' lang='lat' dir='ltr'>tendenti</span> <span class='ocrx_word' id='word_1_237' title='bbox 629 2570 715 2635; x_wconf 83' lang='lat' dir='ltr'>cives</span> <span class='ocrx_word' id='word_1_238' title='bbox 736 2569 891 2637; x_wconf 77' lang='lat' dir='ltr'>forciores</span> <span class='ocrx_word' id='word_1_239' title='bbox 905 2579 999 2636; x_wconf 89' lang='lat' dir='ltr'>extra</span> <span class='ocrx_word' id='word_1_240' title='bbox 1012 2567 1127 2636; x_wconf 88' lang='lat' dir='ltr'>urbem</span> <span class='ocrx_word' id='word_1_241' title='bbox 1142 2588 1255 2635; x_wconf 87' lang='lat' dir='ltr'>occur-</span> 
     </span>
     <span class='ocr_line' id='line_1_29' title="bbox 111 2592 1254 2755; baseline -0.003 -35"><span class='ocrx_word' id='word_1_242' title='bbox 111 2676 192 2721; x_wconf 87' lang='lat' dir='ltr'>rere.</span> <span class='ocrx_word' id='word_1_243' title='bbox 236 2592 390 2728; x_wconf 73' lang='lat' dir='ltr'>Mandale</span> <span class='ocrx_word' id='word_1_244' title='bbox 417 2654 528 2755; x_wconf 87' lang='lat' dir='ltr'>itaque</span> <span class='ocrx_word' id='word_1_245' title='bbox 557 2653 642 2720; x_wconf 90' lang='lat' dir='ltr'>clam</span> <span class='ocrx_word' id='word_1_246' title='bbox 664 2657 775 2754; x_wconf 88' lang='lat' dir='ltr'>episco</span> <span class='ocrx_word' id='word_1_247' title='bbox 801 2676 830 2738; x_wconf 93' lang='lat' dir='ltr'>o,</span> <span class='ocrx_word' id='word_1_248' title='bbox 858 2662 896 2719; x_wconf 92' lang='lat' dir='ltr'>ut</span> <span class='ocrx_word' id='word_1_249' title='bbox 921 2652 1000 2720; x_wconf 93' lang='lat' dir='ltr'>dum</span> <span class='ocrx_word' id='word_1_250' title='bbox 1022 2662 1168 2741; x_wconf 91' lang='lat' dir='ltr'>tempore</span> <span class='ocrx_word' id='word_1_251' title='bbox 1191 2660 1254 2718; x_wconf 88' lang='lat' dir='ltr'>sta·</span> 
     </span>
     <span class='ocr_line' id='line_1_30' title="bbox 112 2677 1253 2828; baseline -0.002 -23"><span class='ocrx_word' id='word_1_252' title='bbox 112 2749 181 2806; x_wconf 87' lang='lat' dir='ltr'>tuto</span> <span class='ocrx_word' id='word_1_253' title='bbox 207 2740 346 2828; x_wconf 88' lang='lat' dir='ltr'>Papiam</span> <span class='ocrx_word' id='word_1_254' title='bbox 374 2741 546 2823; x_wconf 89' lang='lat' dir='ltr'>veneritis,</span> <span class='ocrx_word' id='word_1_255' title='bbox 572 2751 605 2807; x_wconf 90' lang='lat' dir='ltr'>et</span> <span class='ocrx_word' id='word_1_256' title='bbox 637 2740 701 2827; x_wconf 89' lang='lat' dir='ltr'>ipsi</span> <span class='ocrx_word' id='word_1_257' title='bbox 727 2677 822 2807; x_wconf 71' lang='lat' dir='ltr'>vodis</span> <span class='ocrx_word' id='word_1_258' title='bbox 849 2747 943 2806; x_wconf 85' lang='lat' dir='ltr'>extra</span> <span class='ocrx_word' id='word_1_259' title='bbox 973 2737 1088 2806; x_wconf 90' lang='lat' dir='ltr'>urbem</span> <span class='ocrx_word' id='word_1_260' title='bbox 1122 2736 1253 2804; x_wconf 84' lang='lat' dir='ltr'>obviam</span> 
     </span>
     <span class='ocr_line' id='line_1_31' title="bbox 111 2823 1253 2912; baseline -0.002 -22"><span class='ocrx_word' id='word_1_261' title='bbox 111 2826 270 2908; x_wconf 83' lang='lat' dir='ltr'>venerint,</span> <span class='ocrx_word' id='word_1_262' title='bbox 292 2835 403 2912; x_wconf 88' lang='lat' dir='ltr'>portas</span> <span class='ocrx_word' id='word_1_263' title='bbox 426 2825 567 2890; x_wconf 80' lang='lat' dir='ltr'>ciiitatis</span> <span class='ocrx_word' id='word_1_264' title='bbox 582 2847 695 2891; x_wconf 91' lang='lat' dir='ltr'>omnes</span> <span class='ocrx_word' id='word_1_265' title='bbox 718 2845 843 2890; x_wconf 89' lang='lat' dir='ltr'>serrare</span> <span class='ocrx_word' id='word_1_266' title='bbox 864 2823 972 2908; x_wconf 83' lang='lat' dir='ltr'>faciat,</span> <span class='ocrx_word' id='word_1_267' title='bbox 994 2823 1168 2911; x_wconf 84' lang='lat' dir='ltr'>clavesque</span> <span class='ocrx_word' id='word_1_268' title='bbox 1182 2824 1253 2911; x_wconf 91' lang='lat' dir='ltr'>ipse</span> 
     </span>
     <span class='ocr_line' id='line_1_32' title="bbox 112 2908 1254 2998; baseline -0.002 -23"><span class='ocrx_word' id='word_1_269' title='bbox 112 2911 258 2992; x_wconf 89' lang='lat' dir='ltr'>retineat,</span> <span class='ocrx_word' id='word_1_270' title='bbox 282 2931 347 2998; x_wconf 92' lang='lat' dir='ltr'>quo</span> <span class='ocrx_word' id='word_1_271' title='bbox 370 2909 448 2975; x_wconf 87' lang='lat' dir='ltr'>diun</span> <span class='ocrx_word' id='word_1_272' title='bbox 471 2931 588 2997; x_wconf 89' lang='lat' dir='ltr'>capere</span> <span class='ocrx_word' id='word_1_273' title='bbox 610 2931 666 2976; x_wconf 88' lang='lat' dir='ltr'>eos</span> <span class='ocrx_word' id='word_1_274' title='bbox 689 2910 880 2996; x_wconf 88' lang='lat' dir='ltr'>ceperimus,</span> <span class='ocrx_word' id='word_1_275' title='bbox 902 2910 1019 2975; x_wconf 90' lang='lat' dir='ltr'>necin</span> <span class='ocrx_word' id='word_1_276' title='bbox 1040 2908 1155 2975; x_wconf 90' lang='lat' dir='ltr'>urbem</span> <span class='ocrx_word' id='word_1_277' title='bbox 1178 2929 1254 2974; x_wconf 90' lang='lat' dir='ltr'>con-</span> 
     </span>
     <span class='ocr_line' id='line_1_33' title="bbox 110 2992 1254 3082; baseline -0.003 -20"><span class='ocrx_word' id='word_1_278' title='bbox 110 2993 234 3082; x_wconf 77' lang='lat' dir='ltr'>fugere,</span> <span class='ocrx_word' id='word_1_279' title='bbox 255 3016 318 3061; x_wconf 85' lang='lat' dir='ltr'>neo</span> <span class='ocrx_word' id='word_1_280' title='bbox 339 2995 381 3060; x_wconf 92' lang='lat' dir='ltr'>ab</span> <span class='ocrx_word' id='word_1_281' title='bbox 409 2993 490 3060; x_wconf 93' lang='lat' dir='ltr'>urbe</span> <span class='ocrx_word' id='word_1_282' title='bbox 518 2995 645 3082; x_wconf 91' lang='lat' dir='ltr'>possint</span> <span class='ocrx_word' id='word_1_283' title='bbox 671 2993 828 3060; x_wconf 87' lang='lat' dir='ltr'>auxilium</span> <span class='ocrx_word' id='word_1_284' title='bbox 857 2995 1050 3082; x_wconf 86' lang='lat' dir='ltr'>expectare’.</span> <span class='ocrx_word' id='word_1_285' title='bbox 1095 2992 1193 3075; x_wconf 80' lang='lat' dir='ltr'>Quod</span> <span class='ocrx_word' id='word_1_286' title='bbox 1221 3003 1254 3058; x_wconf 89' lang='lat' dir='ltr'>et</span> 
     </span>
     <span class='ocr_line' id='line_1_34' title="bbox 111 3077 1254 3166; baseline -0.001 -22"><span class='ocrx_word' id='word_1_287' title='bbox 111 3078 234 3146; x_wconf 83' lang='lat' dir='ltr'>factum</span> <span class='ocrx_word' id='word_1_288' title='bbox 256 3090 315 3145; x_wconf 89' lang='lat' dir='ltr'>est.</span> <span class='ocrx_word' id='word_1_289' title='bbox 358 3077 443 3143; x_wconf 89' lang='lat' dir='ltr'>Nam</span> <span class='ocrx_word' id='word_1_290' title='bbox 465 3079 543 3145; x_wconf 90' lang='lat' dir='ltr'>dum</span> <span class='ocrx_word' id='word_1_291' title='bbox 571 3089 691 3146; x_wconf 91' lang='lat' dir='ltr'>statuto</span> <span class='ocrx_word' id='word_1_292' title='bbox 717 3090 864 3166; x_wconf 89' lang='lat' dir='ltr'>tempore</span> <span class='ocrx_word' id='word_1_293' title='bbox 890 3101 950 3144; x_wconf 87' lang='lat' dir='ltr'>rex</span> <span class='ocrx_word' id='word_1_294' title='bbox 978 3079 1116 3165; x_wconf 88' lang='lat' dir='ltr'>Papiam</span> <span class='ocrx_word' id='word_1_295' title='bbox 1144 3077 1254 3144; x_wconf 91' lang='lat' dir='ltr'>tende·</span> 
     </span>
     <span class='ocr_line' id='line_1_35' title="bbox 111 3160 1290 3251; baseline -0.002 -23"><span class='ocrx_word' id='word_1_296' title='bbox 111 3174 171 3248; x_wconf 89' lang='lat' dir='ltr'>ret,</span> <span class='ocrx_word' id='word_1_297' title='bbox 193 3173 227 3229; x_wconf 88' lang='lat' dir='ltr'>et</span> <span class='ocrx_word' id='word_1_298' title='bbox 247 3165 418 3230; x_wconf 87' lang='lat' dir='ltr'>memorati</span> <span class='ocrx_word' id='word_1_299' title='bbox 434 3162 564 3231; x_wconf 83' lang='lat' dir='ltr'>obviam</span> <span class='ocrx_word' id='word_1_300' title='bbox 586 3166 616 3230; x_wconf 91' lang='lat' dir='ltr'>ei</span> <span class='ocrx_word' id='word_1_301' title='bbox 639 3163 775 3246; x_wconf 85' lang='lat' dir='ltr'>exirent,</span> <span class='ocrx_word' id='word_1_302' title='bbox 797 3163 972 3251; x_wconf 87' lang='lat' dir='ltr'>episcopus</span> <span class='ocrx_word' id='word_1_303' title='bbox 994 3160 1142 3246; x_wconf 88' lang='lat' dir='ltr'>libenter,</span> <span class='ocrx_word' id='word_1_304' title='bbox 1165 3173 1202 3228; x_wconf 93' lang='lat' dir='ltr'>ut</span> <span class='ocrx_word' id='word_1_305' title='bbox 1223 3161 1253 3226; x_wconf 93' lang='lat' dir='ltr'>ei</span> <span class='ocrx_word' id='word_1_306' title='bbox 1286 3235 1290 3239; x_wconf 47' lang='grc'><strong>,</strong></span> 
     </span>
     <span class='ocr_line' id='line_1_36' title="bbox 111 3246 1253 3337; baseline -0.004 -22"><span class='ocrx_word' id='word_1_307' title='bbox 111 3249 308 3337; x_wconf 88' lang='lat' dir='ltr'>imperatum</span> <span class='ocrx_word' id='word_1_308' title='bbox 329 3248 444 3331; x_wconf 87' lang='lat' dir='ltr'>fuerat,</span> <span class='ocrx_word' id='word_1_309' title='bbox 465 3248 551 3315; x_wconf 86' lang='lat' dir='ltr'>fecit</span> <span class='ocrx_word' id='word_1_310' title='bbox 594 3248 700 3315; x_wconf 86' lang='lat' dir='ltr'>Rexi</span> <span class='ocrx_word' id='word_1_311' title='bbox 758 3269 799 3313; x_wconf 89' lang='lat' dir='ltr'>ue</span> <span class='ocrx_word' id='word_1_312' title='bbox 821 3269 933 3315; x_wconf 87' lang='lat' dir='ltr'>omnes</span> <span class='ocrx_word' id='word_1_313' title='bbox 956 3268 1083 3335; x_wconf 88' lang='lat' dir='ltr'>capere,</span> <span class='ocrx_word' id='word_1_314' title='bbox 1104 3258 1142 3313; x_wconf 94' lang='lat' dir='ltr'>ut</span> <span class='ocrx_word' id='word_1_315' title='bbox 1162 3246 1253 3314; x_wconf 88' lang='lat' dir='ltr'>Sam·</span> 
     </span>
     <span class='ocr_line' id='line_1_37' title="bbox 111 3330 1252 3417; baseline -0.002 -18"><span class='ocrx_word' id='word_1_316' title='bbox 111 3337 171 3401; x_wconf 84' lang='lat' dir='ltr'>sdii</span> <span class='ocrx_word' id='word_1_317' title='bbox 193 3331 365 3400; x_wconf 90' lang='lat' dir='ltr'>consilium</span> <span class='ocrx_word' id='word_1_318' title='bbox 395 3333 543 3417; x_wconf 90' lang='lat' dir='ltr'>dederat,</span> <span class='ocrx_word' id='word_1_319' title='bbox 570 3335 673 3399; x_wconf 85' lang='lat' dir='ltr'>iussit</span> <span class='ocrx_word' id='word_1_320' title='bbox 748 3331 898 3399; x_wconf 84' lang='lat' dir='ltr'>onfestim</span> <span class='ocrx_word' id='word_1_321' title='bbox 925 3333 933 3348; x_wconf 84' lang='lat'>‘</span> <span class='ocrx_word' id='word_1_322' title='bbox 960 3333 1023 3399; x_wconf 85' lang='lat' dir='ltr'>&#39;tur</span> <span class='ocrx_word' id='word_1_323' title='bbox 1046 3331 1137 3399; x_wconf 82' lang='lat' dir='ltr'>Gezo</span> <span class='ocrx_word' id='word_1_324' title='bbox 1160 3330 1252 3398; x_wconf 88' lang='lat' dir='ltr'>Sam·</span> 
     </span>
     <span class='ocr_line' id='line_1_38' title="bbox 112 3415 1464 3521; baseline -0.003 -37"><span class='ocrx_word' id='word_1_325' title='bbox 112 3421 171 3486; x_wconf 85' lang='lat' dir='ltr'>sdn</span> <span class='ocrx_word' id='word_1_326' title='bbox 199 3418 354 3502; x_wconf 87' lang='lat' dir='ltr'>traditus,</span> <span class='ocrx_word' id='word_1_327' title='bbox 381 3429 521 3508; x_wconf 90' lang='lat' dir='ltr'>utroque</span> <span class='ocrx_word' id='word_1_328' title='bbox 546 3418 670 3485; x_wconf 90' lang='lat' dir='ltr'>lumine</span> <span class='ocrx_word' id='word_1_329' title='bbox 697 3418 859 3521; x_wconf 84' lang='lat' dir='ltr'>privatur,</span> <span class='ocrx_word' id='word_1_330' title='bbox 892 3427 925 3484; x_wconf 90' lang='lat' dir='ltr'>et</span> <span class='ocrx_word' id='word_1_331' title='bbox 963 3417 1079 3504; x_wconf 75' lang='lat' dir='ltr'>ingua,</span> <span class='ocrx_word' id='word_1_332' title='bbox 1113 3437 1197 3506; x_wconf 89' lang='lat' dir='ltr'>quae</span> <span class='ocrx_word' id='word_1_333' title='bbox 1217 3415 1253 3481; x_wconf 90' lang='lat' dir='ltr'>in</span> <span class='ocrx_word' id='word_1_334' title='bbox 1370 3471 1373 3476; x_wconf 93' lang='lat'>.</span> <span class='ocrx_word' id='word_1_335' title='bbox 1455 3460 1464 3466; x_wconf 53' lang='lat'>2-</span> 
     </span>
     <span class='ocr_line' id='line_1_39' title="bbox 111 3500 1322 3647; baseline -0.004 -75"><span class='ocrx_word' id='word_1_336' title='bbox 111 3527 222 3595; x_wconf 82' lang='lat' dir='ltr'>regem</span> <span class='ocrx_word' id='word_1_337' title='bbox 243 3503 480 3593; x_wconf 86' lang='lat' dir='ltr'>blasphemiam</span> <span class='ocrx_word' id='word_1_338' title='bbox 503 3503 648 3590; x_wconf 85' lang='lat' dir='ltr'>dixerat,</span> <span class='ocrx_word' id='word_1_339' title='bbox 675 3527 707 3572; x_wconf 90' lang='lat' dir='ltr'>ei</span> <span class='ocrx_word' id='word_1_340' title='bbox 728 3502 940 3602; x_wconf 43' lang='lat' dir='ltr'>absciditur·</span> <span class='ocrx_word' id='word_1_341' title='bbox 962 3500 1135 3570; x_wconf 77' lang='lat' dir='ltr'>Odactum</span> <span class='ocrx_word' id='word_1_342' title='bbox 1157 3500 1252 3647; x_wconf 64' lang='lat' dir='ltr'>benel</span> <span class='ocrx_word' id='word_1_343' title='bbox 1321 3564 1322 3567; x_wconf 74' lang='grc'>,</span> 
     </span>
     <span class='ocr_line' id='line_1_40' title="bbox 113 3584 1303 3673; baseline -0.004 -18"><span class='ocrx_word' id='word_1_344' title='bbox 113 3590 141 3655; x_wconf 92' lang='lat' dir='ltr'>si</span> <span class='ocrx_word' id='word_1_345' title='bbox 162 3592 247 3656; x_wconf 86' lang='lat' dir='ltr'>sicut</span> <span class='ocrx_word' id='word_1_346' title='bbox 268 3611 405 3673; x_wconf 89' lang='lat' dir='ltr'>coecus,</span> <span class='ocrx_word' id='word_1_347' title='bbox 434 3589 481 3657; x_wconf 86' lang='lat' dir='ltr'>ita</span> <span class='ocrx_word' id='word_1_348' title='bbox 507 3599 542 3658; x_wconf 88' lang='lat' dir='ltr'>et</span> <span class='ocrx_word' id='word_1_349' title='bbox 562 3600 672 3656; x_wconf 90' lang='lat' dir='ltr'>mutus</span> <span class='ocrx_word' id='word_1_350' title='bbox 700 3589 827 3655; x_wconf 86' lang='lat' dir='ltr'>cunctis</span> <span class='ocrx_word' id='word_1_351' title='bbox 849 3588 1010 3654; x_wconf 86' lang='lat' dir='ltr'>extitisset</span> <span class='ocrx_word' id='word_1_352' title='bbox 1030 3584 1232 3673; x_wconf 87' lang='lat' dir='ltr'>temporibus</span> <span class='ocrx_word' id='word_1_353' title='bbox 1301 3610 1303 3613; x_wconf 93' lang='lat'>·</span> 
     </span>
     <span class='ocr_line' id='line_1_41' title="bbox 112 3669 1252 3764; baseline -0.004 -22"><span class='ocrx_word' id='word_1_354' title='bbox 112 3674 179 3742; x_wconf 85' lang='lat' dir='ltr'>Sed</span> <span class='ocrx_word' id='word_1_355' title='bbox 201 3673 352 3758; x_wconf 85' lang='lat' dir='ltr'>dseelus,</span> <span class='ocrx_word' id='word_1_356' title='bbox 376 3675 530 3763; x_wconf 90' lang='lat' dir='ltr'>quoniam</span> <span class='ocrx_word' id='word_1_357' title='bbox 550 3673 664 3764; x_wconf 83' lang='lat' dir='ltr'>lingua</span> <span class='ocrx_word' id='word_1_358' title='bbox 685 3674 813 3741; x_wconf 89' lang='lat' dir='ltr'>abscisa</span> <span class='ocrx_word' id='word_1_359' title='bbox 833 3669 995 3760; x_wconf 88' lang='lat' dir='ltr'>loquelam</span> <span class='ocrx_word' id='word_1_360' title='bbox 1010 3693 1077 3738; x_wconf 90' lang='lat' dir='ltr'>non</span> <span class='ocrx_word' id='word_1_361' title='bbox 1099 3669 1252 3760; x_wconf 83' lang='lat' dir='ltr'>perdidit,</span> 
     </span>
    </p>
   </div>
   <div class='ocr_carea' id='block_1_3' title="bbox 112 3839 439 3893">
    <p class='ocr_par' dir='ltr' id='par_1_6' title="bbox 112 3839 439 3893">
     <span class='ocr_line' id='line_1_42' title="bbox 112 3839 439 3893; baseline 0.003 -13"><span class='ocrx_word' id='word_1_362' title='bbox 112 3839 136 3893; x_wconf 71' lang='grc' dir='ltr'>ι)</span> <span class='ocrx_word' id='word_1_363' title='bbox 151 3841 184 3882; x_wconf 78' lang='lat' dir='ltr'>ia</span> <span class='ocrx_word' id='word_1_364' title='bbox 202 3843 224 3885; x_wconf 91' lang='lat' dir='ltr'>i.</span> <span class='ocrx_word' id='word_1_365' title='bbox 239 3845 264 3880; x_wconf 74' lang='lat' dir='ltr'>ia</span> <span class='ocrx_word' id='word_1_366' title='bbox 280 3845 299 3881; x_wconf 73' lang='lat' dir='ltr'>a</span> <span class='ocrx_word' id='word_1_367' title='bbox 314 3839 352 3883; x_wconf 79' lang='lat' dir='ltr'>aa.</span> <span class='ocrx_word' id='word_1_368' title='bbox 369 3839 400 3892; x_wconf 88' lang='lat' dir='ltr'>ii,</span> <span class='ocrx_word' id='word_1_369' title='bbox 417 3840 439 3881; x_wconf 86' lang='lat' dir='ltr'>o.</span> 
     </span>
    </p>
   </div>
   <div class='ocr_carea' id='block_1_4' title="bbox 63 3987 1299 4278">
    <p class='ocr_par' dir='ltr' id='par_1_7' title="bbox 63 3987 1299 4278">
     <span class='ocr_line' id='line_1_43' title="bbox 63 3987 1299 4058; baseline -0.005 -14"><span class='ocrx_word' id='word_1_370' title='bbox 63 4040 67 4044; x_wconf 86' lang='lat'>.</span> <span class='ocrx_word' id='word_1_371' title='bbox 116 3987 143 4058; x_wconf 88' lang='grc'>1)</span> <span class='ocrx_word' id='word_1_372' title='bbox 164 3990 416 4045; x_wconf 63' lang='lat' dir='ltr'>&amp;ammistione</span> <span class='ocrx_word' id='word_1_373' title='bbox 444 3991 582 4054; x_wconf 79' lang='lat' dir='ltr'>Francus,</span> <span class='ocrx_word' id='word_1_374' title='bbox 615 4004 707 4043; x_wconf 86' lang='lat' dir='ltr'>comes</span> <span class='ocrx_word' id='word_1_375' title='bbox 740 3990 812 4042; x_wconf 76' lang='lat' dir='ltr'>sarii</span> <span class='ocrx_word' id='word_1_376' title='bbox 839 3987 949 4058; x_wconf 81' lang='lat' dir='ltr'>palatii,</span> <span class='ocrx_word' id='word_1_377' title='bbox 982 3987 1132 4041; x_wconf 84' lang='lat' dir='ltr'>monachus</span> <span class='ocrx_word' id='word_1_378' title='bbox 1158 3991 1255 4057; x_wconf 81' lang='lat' dir='ltr'>postea</span> <span class='ocrx_word' id='word_1_379' title='bbox 1298 4022 1299 4025; x_wconf 17' lang='grc' dir='ltr'>η</span> 
     </span>
     <span class='ocr_line' id='line_1_44' title="bbox 114 4060 1255 4127; baseline -0.003 -12"><span class='ocrx_word' id='word_1_380' title='bbox 114 4063 297 4119; x_wconf 83' lang='lat' dir='ltr'>Bremetsnsis</span> <span class='ocrx_word' id='word_1_381' title='bbox 330 4072 556 4119; x_wconf 83' lang='lat' dir='ltr'>commemoratur</span> <span class='ocrx_word' id='word_1_382' title='bbox 579 4066 651 4116; x_wconf 83' lang='lat' dir='ltr'>intra</span> <span class='ocrx_word' id='word_1_383' title='bbox 676 4078 762 4116; x_wconf 84' lang='lat' dir='ltr'>annes</span> <span class='ocrx_word' id='word_1_384' title='bbox 788 4063 946 4127; x_wconf 76' lang='lat' dir='ltr'>ets-eia,</span> <span class='ocrx_word' id='word_1_385' title='bbox 979 4062 1014 4116; x_wconf 84' lang='lat' dir='ltr'>cf.</span> <span class='ocrx_word' id='word_1_386' title='bbox 1044 4061 1172 4115; x_wconf 70' lang='lat' dir='ltr'>chronic.</span> <span class='ocrx_word' id='word_1_387' title='bbox 1196 4060 1255 4113; x_wconf 80' lang='lat' dir='ltr'>No·</span> 
     </span>
     <span class='ocr_line' id='line_1_45' title="bbox 113 4134 1256 4278; baseline -0.003 -86"><span class='ocrx_word' id='word_1_388' title='bbox 113 4136 483 4278; x_wconf 48' lang='lat' dir='ltr'>{⁸2:⁰1L{‚⁰33{³’M⁰n‘</span> <span class='ocrx_word' id='word_1_389' title='bbox 502 4140 565 4193; x_wconf 86' lang='lat' dir='ltr'>hist.</span> <span class='ocrx_word' id='word_1_390' title='bbox 586 4144 657 4208; x_wconf 84' lang='lat' dir='ltr'>patr.</span> <span class='ocrx_word' id='word_1_391' title='bbox 676 4137 759 4204; x_wconf 86' lang='lat' dir='ltr'>XIII,</span> <span class='ocrx_word' id='word_1_392' title='bbox 777 4134 842 4190; x_wconf 79' lang='grc'><strong>878.</strong></span> <span class='ocrx_word' id='word_1_393' title='bbox 866 4137 930 4188; x_wconf 77' lang='lat' dir='ltr'>tio.</span> <span class='ocrx_word' id='word_1_394' title='bbox 950 4135 1014 4187; x_wconf 80' lang='grc'><strong>913.</strong></span> <span class='ocrx_word' id='word_1_395' title='bbox 1033 4135 1102 4200; x_wconf 75' lang='lat' dir='ltr'>aar,</span> <span class='ocrx_word' id='word_1_396' title='bbox 1123 4135 1256 4188; x_wconf 80' lang='lat' dir='ltr'>Maratori</span> 
     </span>
    </p>
   </div>
   <div class='ocr_carea' id='block_1_5' title="bbox 0 0 1473 4718">
    <p class='ocr_par' dir='ltr' id='par_1_8' title="bbox 0 0 1473 4718">
     <span class='ocr_line' id='line_1_46' title="bbox 0 0 1473 4718; baseline 0 0"><span class='ocrx_word' id='word_1_397' title='bbox 0 0 1473 4718; x_wconf 95' lang='lat' dir='ltr'> </span> 
     </span>
    </p>
   </div>
  </div>
 </body>
</html>
