2932 4718
226 251 280 303 158
505 248 738 303 LIUDPRANDI
758 248 931 303 LEGATIO.
971 250 1092 301 60-63.

163 439 264 488 osseo
287 420 376 510 quod
397 418 554 487 redeundi
577 418 620 484 ad
642 419 811 484 dominum
832 430 926 485 tuum
953 419 1110 486 terminus
1130 429 1180 484 cst
1203 415 1368 484 dilatatus.

92 498 157 552 ⁸⁶⁹¹*
175 500 212 545 ¹²·
223 506 347 573 Verum
369 528 410 571 ne
432 514 543 571 sancto
565 505 610 568 im
634 505 763 588 eratori,
784 525 868 570 neve
889 502 985 570 nobis
999 524 1202 580 succenseas,
1227 523 1369 569 oramus.

223 590 403 659 Reddimus
424 600 536 656 autem
632 589 719 656 ’tatis
740 598 816 655 tuae
838 609 982 655 causam.
1025 588 1119 677 Papa
1138 589 1307 655 &manus
1325 626 1369 639 -

224 679 254 744 si
282 689 391 744 tamen
417 695 505 763 papa
533 683 583 740 est
608 673 787 758 vocandus,
815 675 874 762 qui
901 673 1065 740 Alberici⁸
1091 671 1159 740 filio
1188 681 1369 763 apostatae,

224 760 381 844 adultero,
403 757 563 847 sacrilego
572 770 593 844 ¹,
615 759 877 844 communicavit,
899 760 1229 826 comministravit-
1244 757 1370 826 litteras

223 855 338 913 nostro
365 845 571 911 sanctissimo
596 844 802 931 imperatori,
829 867 864 911 se
893 842 1022 932 dignas,
1053 842 1173 934 illoque
1204 843 1369 932 indignas,

115 992 120 1000 .
225 931 324 1006 misit,
347 929 552 997 Graecorum
574 926 676 1014 illum,
698 941 731 996 et
744 951 810 994 non
823 929 1046 996 Romanorum
1067 930 1299 1017 imperatorem
1312 949 1372 995 vo·

226 1037 318 1101 cans,
334 1014 423 1105 quod
437 1016 486 1082 tui
500 1015 625 1081 domini
639 1012 773 1081 consilio
788 1024 898 1081 actum
913 1036 995 1098 esse,
1010 1037 1076 1080 non
1086 1025 1136 1082 est
1149 1011 1372 1102 duqtotqtor’.

310 1120 363 1186 51.
397 1117 527 1202 ‘Quod',
550 1117 684 1206 inquam
698 1139 839 1202 mecum,
863 1117 1011 1185 ‘verbum
1025 1117 1144 1185 audio?
1164 1118 1264 1207 perii3
1279 1115 1372 1184 haud

225 1203 364 1273 dubium
385 1214 444 1285 est,
467 1205 547 1292 quin
568 1204 602 1267 in
623 1204 803 1291 pretorium
825 1214 916 1271 recta
959 1203 1144 1270 rotisciscar
1162 1204 1265 1269 via'!¹

311 1287 389 1356 ‘Sed
410 1309 507 1377 papa,
530 1286 627 1371 audi',
649 1290 750 1373 aiunt,
774 1226 1114 1356 ‘omniumlsominum
1128 1287 1286 1370 stolidior,
1308 1287 1372 1353 sei·

225 1397 308 1458 mus,
330 1373 447 1456 dicere,
470 1372 579 1439 dicere
600 1375 661 1456 vis,
682 1395 808 1462 nosque
828 1371 864 1439 id
908 1373 1095 1442 rofitemur’.
1130 1373 1176 1440 At
1190 1395 1268 1461 ego:
1285 1370 1371 1438 ‘Non

224 1459 260 1527 id
281 1460 344 1525 aio.
366 1498 410 1509 -
430 1456 520 1525 Audi
553 1480 648 1547 erg03
682 1457 741 1526 sed
772 1479 859 1546 paa
923 1470 1014 1542 tuus,
1047 1457 1206 1540 insulsus,
1239 1459 1371 1546 ignorat

226 1544 478 1613 Constantinum
510 1554 658 1609 sanctum
686 1544 802 1630 imperi
836 1544 845 1559 '
892 1554 1022 1633 sceptra
1046 1545 1111 1610 huc
1141 1543 1373 1625 transvexisse,

226 1641 375 1697 senatum
398 1651 527 1695 omnem
543 1640 761 1717 cunctamque
776 1628 957 1695 Romanam
972 1629 1131 1712 militiam,
1148 1629 1272 1696 Romae
1290 1647 1370 1694 vero

225 1711 1370 1814 viliamancipia,piscatorssscilicet,cupedinarioslaucupesmothos,

224 1800 380 1889 plebeios,
404 1820 523 1880 servos,
547 1799 771 1865 tantummodo
794 1799 955 1866 dimisisse
965 1811 988 1865 ³.
1021 1799 1210 1888 Numquam
1232 1797 1285 1865 ille
1308 1799 1373 1864 hoc

225 1887 288 1951 nisi
310 1885 357 1950 tui
380 1884 588 1971 suggestione
611 1885 768 1951 scriberet
788 1885 888 1971 regis3
916 1884 1126 1973 quodquam
1171 1883 1372 1950 ericulosum

224 1967 385 2036 ambobus
400 1968 507 2047 fuerit,
522 1969 585 2033 nisi
597 1970 800 2057 resipuerint,
815 1971 968 2070 proxima
978 1981 1128 2057 tempora
1139 1907 1372 2036 declarabunt!

311 2052 389 2120 ‘Sed
410 2052 516 2141 papa’,
538 2055 572 2119 in
596 2076 683 2137 uam,
712 2054 929 2155 ‘simphcitate
952 2054 1068 2138 clarita,
1090 2054 1133 2122 ad
1154 2053 1286 2121 laudem
1307 2053 1372 2120 hoo

225 2139 440 2227 imperatoris,
462 2160 528 2204 non
549 2076 596 2205 ad
614 2138 845 2206 contumellam
867 2139 1009 2207 scribere
1030 2141 1168 2229 putavit.
1210 2137 1371 2207 Constan-

225 2225 331 2291 tinum
353 2223 539 2290 Romanum
559 2225 790 2312 imperatorem
816 2247 893 2291 eum
913 2225 1064 2292 Romana
1091 2224 1208 2291 militia
1229 2224 1295 2289 huc
1316 2245 1373 2292 ve·

224 2309 330 2392 nisse,
360 2329 400 2374 ac
429 2308 595 2375 civitatem
624 2310 721 2376 istam
748 2332 807 2376 suo
834 2333 878 2377 ex
902 2312 1035 2377 nomine
1062 2308 1258 2393 condidisse,
1280 2318 1372 2377 certo

225 2395 362 2476 scimus,
384 2391 443 2460 sed
465 2395 543 2482 quia
564 2392 711 2482 linguam
744 2417 851 2461 mores
872 2406 979 2463 vestes
1003 2418 1045 2461 ue
1059 2396 1220 2480 mutastis,
1242 2394 1375 2482 putavit

226 2479 449 2546 sanctissimus
472 2500 569 2566 papa,
596 2480 642 2545 itu
668 2445 764 2545 volsis
793 2479 967 2568 displicere
1019 2501 1213 2547 omanorum
1238 2500 1371 2564 nornen,

225 2565 313 2631 sicut
338 2571 371 2629 et
398 2572 531 2630 vestem.
576 2561 675 2647 Quod
702 2565 737 2629 in
766 2563 893 2650 futuris,
919 2566 991 2633 vita
1016 2567 1152 2648 comite,
1183 2561 1375 2632 ostendetur

225 2648 401 2742 sistolis;¹
439 2669 557 2714 uarum
590 2650 825 2738 superscriptio
854 2649 935 2718 haec
965 2651 1041 2719 erit:
1082 2650 1253 2717 ‘Iohannes
1284 2671 1375 2738 papa

255 2755 393 2800 omanus
415 2669 610 2884 dicepporo,
640 2732 865 2819 Constantino,
892 2735 1026 2820 Basilio,
1053 2736 1181 2824 magnis
1209 2734 1375 2801 Βοωαιιο-

225 2841 300 2885 rum
320 2820 510 2968 impqraton
533 2841 572 2885 us
595 2827 693 2908 atque
709 2820 881 2908 augustis'l
922 2819 1020 2904 Quod
1041 2831 1198 2887 curnam⁶
1220 2819 1372 2903 dixerim,

249 2925 348 2970 uaeso
371 2926 390 2969 a
414 2905 540 2970 vertite.

227 2927 250 2992 q
312 2989 364 3054 52.
407 2987 613 3077 Nicephorus
645 2990 788 3075 periurio
815 2999 914 3092 atque
940 2989 1098 3057 adulterio
1125 2990 1218 3078 regni
1244 2990 1374 3078 apicem

226 3082 276 3140 est
297 3072 465 3174 adeptus⁴.
510 3073 555 3140 Et
577 3075 732 3175 quoniam
761 3074 1012 3142 christianorum
1041 3076 1189 3141 omnium
1216 3073 1304 3140 salus
1329 3072 1373 3140 ad

226 3159 366 3224 Romam
387 3180 493 3246 papae
515 3170 656 3248 pertinet
685 3158 944 3243 sollicitudinem,
971 3162 1078 3228 mittat
1102 3158 1288 3248 Nicephoro
1315 3157 1373 3225 do·

225 3245 334 3309 minus
355 3266 398 3332 pa
423 3244 634 3331 aepistolam
657 3243 836 3317 sepulchris
860 3248 991 3311 omnino
1014 3243 1163 3329 similem,
1187 3267 1272 3332 quae
1292 3241 1373 3310 foris

226 3339 303 3394 sunt
324 3265 484 3411 dealdata,
511 3331 598 3396 intus
623 3328 720 3418 plena
746 3340 822 3394 :mt
852 3329 979 3396 ossibus
1005 3343 1225 3414 mortuorum,
1252 3329 1374 3417 impro-

132 3485 136 3494 ,
227 3422 320 3501 peret
340 3411 387 3478 illi
409 3415 614 3499 intrinsecus,
639 3413 778 3503 qualiter
799 3416 943 3503 periurio
973 3428 1006 3482 et
1026 3414 1185 3483 adulterio
1208 3435 1287 3482 acce
1349 3414 1375 3480 ‘t

227 3519 328 3586 super
350 3496 499 3565 dominos
521 3520 598 3566 suos
619 3499 856 3583 monarchiam3
883 3501 998 3567 invitet
1025 3523 1101 3567 eum
1128 3498 1172 3567 ad
1197 3521 1260 3601 syn
1304 3520 1373 3584 um,

227 3593 260 3651 et
282 3584 309 3649 si
332 3604 398 3649 non
419 3585 552 3668 venerit,
574 3583 778 3651 anathemate
800 3583 904 3651 feriat.
948 3586 985 3652 Si
1006 3587 1241 3674 superscriptio
1261 3583 1375 3651 huius·

228 3666 318 3735 modi
340 3689 406 3734 non
427 3668 533 3753 fuerit,
555 3691 616 3736 nec
637 3668 680 3735 ad
702 3671 809 3769 ipsum
831 3692 937 3759 usque
958 3670 1088 3738 feretur.

313 3753 366 3820 53.
410 3752 505 3821 Nunc
527 3753 570 3820 ad
591 3764 797 3843 propos1tum
819 3755 1001 3822 redeamus.
1046 3755 1310 3844 Superscriptam
1330 3776 1376 3822 ex

196 3951 198 3955 .
227 3918 253 3972 a)
267 3920 376 3962 alberloli
392 3919 413 3960 θ.
444 3919 468 3971 b)
486 3919 633 3971 cupediarios
650 3919 671 3961 0.
689 3920 717 3970 qs.
735 3920 787 3962 Aac.
805 3921 825 3964 V
841 3932 858 3964 c.
876 3921 912 3962 32.
944 3919 967 3976 c)
983 3925 1040 3974 qula
1055 3932 1111 3964 nam
1127 3921 1151 3962 0.
1168 3930 1266 3963 crrnsm
1277 3920 1373 3963 Gunela

230 4051 259 4120 1)
279 4053 396 4106 Iohanni
416 4053 482 4105 XII.
502 4068 600 4121 papae,
621 4053 656 4105 ci.
676 4053 747 4106 Hist
768 4054 825 4108 Ott.
840 4070 864 4108 c.
878 4056 905 4108 4.
927 4056 970 4108 10.
992 4057 1035 4109 12.
1094 4052 1124 4122 2)
1143 4054 1205 4107 Ter.
1218 4053 1305 4108 Andr.
1320 4054 1374 4119 111,

228 4128 255 4192 4,
275 4128 326 4179 21:
354 4129 420 4196 quin
438 4127 502 4179 hinc
527 4129 557 4179 in
581 4129 725 4195 pistrinum
744 4134 822 4180 recta
840 4128 999 4197 proficiscar
1017 4131 1083 4182 via?
1159 4126 1190 4197 d)
1210 4127 1373 4183 cf.snt1
1441 4127 1445 4134 ’

229 4218 254 4254 c.
275 4201 310 4253 26
330 4219 356 4254 v.
378 4202 403 4265 7,
423 4201 493 4270 Leg.
515 4217 538 4254 c.
560 4202 604 4254 12.
680 4203 710 4265 4)
732 4201 866 4256 adulterii
886 4211 1031 4258 accusatur
1050 4209 1161 4273 propter
1179 4204 1291 4274 nuptias
1311 4218 1373 4257 cum

228 4276 432 4345 Theophauons
452 4282 569 4342 augusta
589 4275 752 4330 celebratas.
