2932 4718
413 225 644 280 LIUDPRANDI
664 224 837 280 Lauino.
878 225 958 276 1-2.
1200 228 1253 280 18⁷

46 480 47 483 Ἴ
116 416 226 461 meum
247 417 314 461 non
335 397 550 484 susceperitis,
579 395 662 461 ratio
684 394 887 483 subsequens
914 391 1099 462 declarabit.
1143 397 1252 465 Pridie
1263 418 1313 461 eea

114 479 226 546 Nonas
253 480 339 547 iunii
367 478 682 570 Constantinopolim
710 480 871 563 venimus,
899 491 932 546 et
958 479 1001 546 ad
1023 481 1251 550 contumeliam
1262 479 1314 522 ¹¹¹²·
1329 477 1354 525 ⁴·

113 574 255 632 vestram
271 578 324 631 tur
347 567 408 633 iter
423 568 576 656 suscepti,
599 567 743 655 graviter
763 567 964 654 turpiterque
980 587 1093 633 sumus
1107 569 1250 653 tractati3

92 657 96 663 “
114 650 235 738 palatio
259 587 392 739 quiriem
414 653 493 719 satis
514 673 634 740 magno
664 665 698 718 et
718 660 841 739 aperto,
871 648 960 801 (iwd
988 674 1049 719 uec
1076 651 1180 742 frigus
1202 675 1251 721 ar·

115 747 213 819 seret,
242 737 329 803 sicut
356 760 419 805 uec
447 735 589 804 calorem
618 735 798 825 repelleret,
830 736 884 802 inc
897 737 949 802 usi
977 759 1107 822 sumus;
1136 740 1252 807 armati

113 819 231 888 milites
259 823 402 911 appositi
432 832 507 890 sunt
533 821 694 905 custodes,
749 822 784 888 ui
811 820 893 888 meis
922 821 1072 889 omnibus
1095 824 1251 909 exitum·,

113 908 248 973 caeteris
270 906 479 997 prohiberent
499 910 692 996 ingressum.
726 843 870 974 <immas
896 907 969 995 ipsa
990 905 1066 973 solis
1087 907 1182 976 nobis
1204 910 1252 976 in·

115 991 213 1058 clusis
240 995 363 1082 pervia,
393 992 556 1082 epulatio
583 993 665 1061 adeo
750 1003 903 1077 uestrata,
931 1002 968 1060 ut
996 1015 1035 1060 eo
1062 993 1156 1060 nobie
1185 1016 1251 1062 non

156 1078 344 1161 uitantibus,
360 1080 418 1147 sed
431 1077 683 1161 ambulantibus,
698 1100 740 1144 an
763 1076 858 1145 alitus
873 1087 1088 1146 truncaretur.
1101 1080 1253 1148 Accessit

179 1162 394 1244 calamitatem
417 1176 570 1249 nostram,
601 1163 690 1254 quod
720 1162 924 1230 Graecorum
945 1164 1059 1230 vinum
1093 1163 1135 1231 ob
1157 1166 1250 1253 picis,

112 1247 237 1332 taedae,
258 1250 356 1338 gypsi
379 1251 642 1317 commixtionem
664 1248 758 1316 nobis
787 1247 977 1338 impotabile
1005 1248 1078 1317 fuit.
1121 1249 1250 1318 Domus

112 1334 185 1421 ipsa
207 1346 275 1402 erat
297 1337 483 1424 inaquosa1,
514 1357 575 1402 nec
596 1336 683 1402 sitim
705 1333 819 1403 saltem
845 1356 932 1423 aqua
959 1336 1150 1423 extinguere
1180 1337 1250 1424 qui·

112 1419 229 1499 vimus,
288 1443 364 1488 uam
392 1421 469 1487 data
498 1421 638 1510 pecunia
667 1427 856 1487 emeremus.
911 1418 999 1486 Huic
1027 1442 1147 1509 magno
1177 1443 1248 1501 vae,

111 1525 174 1604 vae
195 1443 287 1572 alini
305 1507 491 1594 appositum
514 1517 573 1589 est,
595 1506 700 1606 horno·
714 1504 934 1606 collisorumb
958 1516 1076 1606 eustos,
1100 1508 1157 1594 qui
1172 1509 1249 1574 coti·

111 1587 226 1656 dranos
248 1602 395 1679 sumptus
417 1590 577 1680 preberet,
599 1612 653 1656 cur
674 1589 813 1657 similem
835 1613 863 1656 er
884 1611 1042 1679 requiras,
1068 1613 1135 1658 non
1162 1603 1249 1660 terra

111 1673 169 1741 sed
200 1675 344 1743 iniamus
377 1676 486 1743 forsan
523 1676 628 1760 dabit,
665 1677 694 1742 is
726 1677 812 1742 enim
850 1676 1009 1765 quicquid
1045 1675 1248 1763 calamitatis,

88 1760 269 1852 ‚quicquid
290 1763 436 1850 rapinae,
458 1762 616 1851 quicquid
637 1759 809 1862 dispendii,
843 1761 998 1850 quicquid
1020 1760 1137 1845 luctus,
1160 1765 1248 1853 quic·

112 1845 190 1933 quid
213 1847 363 1916 miseriae
389 1849 575 1936 excogitare
604 1857 719 1936 potuit,
752 1848 846 1947 quasi
875 1857 1000 1914 torrens
1028 1847 1192 1916 inundans
1214 1851 1248 1916 in

110 1952 170 1996 nos
192 1931 316 1999 effudit
359 1933 429 2000 Nec
450 1935 485 1999 in
507 1944 637 2000 centum
658 1932 778 2020 viginti
799 1931 915 1999 diebus
942 1953 1008 1999 una
1036 1931 1149 2001 saltem
1176 1957 1248 2023 pre·

110 2017 215 2170 teriit}
230 2040 314 2168 (Ῑὲεθ
335 2029 401 2084 non
422 2019 564 2107 gemitus
585 2015 680 2084 nobis
701 2015 852 2105 preberet
873 2028 907 2085 et
925 2017 1044 2086 luctus.

275 2102 358 2170 ridie
379 2103 490 2170 Nonas
511 2103 609 2185 Iunii,
631 2114 668 2169 ut
689 2104 839 2191 superius
861 2104 1060 2192 scripsimus,
1089 2103 1247 2173 Constan-

110 2184 280 2289 tinopolim
309 2199 385 2255 ante
412 2199 541 2277 portam
571 2209 700 2255 caream
731 2189 897 2272 venimus,
927 2183 959 2257 et
986 2210 1089 2277 usque
1117 2189 1161 2256 sd
1189 2214 1248 2258 un·
1369 2253 1372 2260 .

66 2290 69 2291 ’
111 2270 272 2339 decimam
287 2273 401 2340 horam
417 2295 492 2340 cum
508 2275 610 2362 equis,
625 2296 691 2340 non
705 2272 836 2339 modica
850 2272 973 2363 pluvia,
989 2297 1032 2341 ex
1056 2277 1247 2344 eotavimus.

112 2356 292 2424 Undecima
313 2381 391 2426 vero
413 2359 493 2426 hora
514 2381 580 2425 non
600 2369 690 2426 ratus
711 2357 929 2448 Nicephorus,
949 2380 1010 2426 nos
1056 2360 1149 2448 ‘gnos
1176 2384 1247 2429 esse

109 2453 177 2510 tem
208 2457 337 2511 ornatos
363 2456 473 2513 vestra
499 2443 722 2512 misericordia
751 2445 906 2533 equitare,
938 2446 1050 2512 venire
1079 2446 1183 2531 iussit,
1214 2460 1248 2515 et

82 2609 86 2617 ,
109 2551 214 2616 usque
235 2531 270 2594 in
290 2529 449 2619 prefatam
473 2530 607 2597 domum
627 2535 852 2614 marmoream,
873 2531 1022 2615 invisam,
1043 2531 1245 2619 inaquosam,
1322 2543 1323 2550 ’

132 2613 254 2681 atulam
277 2638 391 2683 sumus
410 2615 560 2701 deducti3
584 2627 700 2683 octavo
720 2627 838 2697 autem·
849 2615 951 2682 Itiusc
966 2614 1124 2684 sabbatho
1139 2619 1246 2705 primo

134 2700 235 2766 ‘erum
257 2712 477 2789 pentecostes,
504 2712 580 2768 ante
608 2700 716 2767 fratris
744 2702 814 2767 eius
842 2700 963 2768 Leonis
991 2700 1192 2803 coropalati*¹
1214 2712 1248 2771 et

108 2783 311 2872 logothetam
333 2787 530 2876 presentiam
553 2809 625 2853 sum
644 2784 813 2869 deductus,
836 2785 894 2854 ubi
909 2787 950 2854 de
964 2784 1125 2877 imperiali
1139 2798 1245 2855 vestro

108 2872 239 2937 nomine
261 2894 381 2959 magna
402 2895 516 2939 sumus
545 2873 751 2939 contentione
780 2871 916 2973 fatigati.
967 2872 1043 2960 Ipse
1071 2874 1157 2939 enim
1186 2893 1246 2939 vos

108 2976 174 3020 non
196 2957 434 3045 imperatorem,
456 2958 489 3024 id
512 2975 561 3025 est
584 2959 725 3044 βασιλέα,
749 2979 809 3022 sua
825 2956 946 3044 hugus,
969 2956 1027 3024 sed
1043 2957 1085 3025 ob
1099 2957 1246 3108 indigna·

107 3040 230 3108 tionem
253 3044 343 3130 ρῆγα,
365 3041 400 3108 id
422 3054 472 3110 est
492 3065 613 3132 regem,
635 3055 747 3108 nostra
767 3040 908 3109 vocabat
917 3052 939 3108 ³.
984 3042 1048 3111 Oui
1070 3065 1145 3109 cum
1185 3045 1246 3110 'ce-

108 3149 187 3212 rem,
212 3126 299 3215 quod
329 3128 533 3216 significatur
559 3127 646 3194 idem
675 3150 755 3210 esse,
786 3127 936 3216 quamvis
968 3126 1056 3216 quod
1084 3127 1247 3216 significat

108 3210 285 3298 diversum,
306 3235 369 3297 me,
391 3214 446 3299 ait,
467 3235 535 3280 non
555 3212 647 3301 pacis
669 3211 727 3279 sed
748 3213 963 3279 contentionis
985 3235 1085 3280 causa
1098 3215 1244 3299 veniss03

107 3298 227 3387 sicque
248 3301 349 3366 iratus
376 3322 522 3387 surgens,
550 3309 676 3366 vestras
702 3296 834 3382 litteras,
862 3321 938 3365 vere
966 3298 1035 3365 indi
1125 3322 1149 3383 s,
1178 3320 1245 3364 non

106 3406 223 3472 perse
246 3386 303 3452 sed
325 3408 384 3474 per
405 3385 613 3473 interpretem
635 3385 789 3471 suscepit,
811 3382 908 3450 homo
928 3385 1000 3472 ipse
1070 3406 1245 3473 personam
1263 3418 1267 3424 ·

106 3471 186 3536 satis
218 3491 383 3558 procerus,
416 3468 496 3536 falso
529 3467 681 3553 humilis,
704 3470 758 3536 cui
791 3470 819 3535 si
851 3469 976 3536 innisus
1008 3467 1106 3537 homo
1137 3469 1244 3555 fuerit,

106 3576 240 3621 manum
263 3558 332 3622 eius
353 3552 540 3643 perforabit
1253 3562 1309 3608 Μ
1324 3562 1366 3616 ⁸⁶·
1381 3563 1405 3606 ⁶·

192 3639 223 3705 3.
247 3639 394 3729 Septimo
415 3651 525 3707 autem
545 3640 659 3725 idum,
686 3639 758 3728 ipso
780 3638 936 3714 videlicet
957 3651 1067 3706 sancto
1091 3637 1145 3706 die
1166 3646 1308 3729 pen-tu.
1325 3660 1346 3702 a

106 3775 678 3891 iniisti„rblriititotfiffliti
692 3775 1246 3888 isstifflt'tittzlttstiffft‘tt

103 3899 184 4011 ρῖὶιῖἑα
201 3927 206 3939 .
224 3898 312 4000 Ogrs'pp.
329 3898 365 3940 lr‘b.
381 3896 490 3948 &sactus
505 3908 555 3939 asoa
569 3908 625 3938 curu
637 3897 719 3948 palati.
736 3895 764 3936 a
779 3895 815 3936 ot.
833 3897 855 3937 1.
875 3895 987 3936 reclusae
1002 3905 1057 3936 curs
1067 3894 1139 3947 pause·
1149 3893 1244 3938 sarm.

106 3968 121 3998 e
187 3963 223 3999 est
254 3990 260 4001 .

108 4053 138 4124 1)
159 4054 202 4108 cf.
220 4055 290 4108 inire
311 4071 334 4108 c.
355 4052 391 4107 tt
411 4070 438 4107 v.
458 4052 485 4107 b.
535 4114 539 4121 ,
561 4050 590 4121 2)
610 4053 756 4122 Postquam
776 4052 947 4123 Nicephorus
973 4067 1098 4105 coronam
1122 4052 1244 4120 suscepit

106 4130 358 4183 Leoncmfrstrsm
385 4145 461 4182 suum
483 4128 669 4197 curopalatem
689 4134 718 4180 et
736 4129 893 4196 magistrum
913 4125 1073 4179 declaravit.
1148 4124 1179 4194 a)
1199 4125 1241 4179 cf.

107 4205 142 4257 de
163 4204 245 4257 simili
266 4207 438 4258 contentione
458 4202 598 4256 Ludowici
619 4202 658 4255 11.
679 4203 850 4271 imperatoris
870 4200 1014 4270 epistolam
1033 4199 1137 4254 Basilio
1156 4201 1241 4269 scrip·

105 4287 162 4333 tam
181 4281 210 4331 in
231 4278 360 4332 Chronici
380 4279 546 4332 Salernitani
565 4293 625 4347 cap.
646 4276 710 4329 los.
