2932 4718
346 252 578 306 LIUDPRANDI
598 252 771 308 memo.
810 253 932 307 bd-dd.
1159 255 1211 308 1⁶9

68 441 108 485 su
132 421 343 508 erscn'ptione
364 422 613 510 promissionem
636 426 676 488 *a
697 445 749 489 me
772 424 940 490 memorati
951 424 1120 523 principes
1135 445 1210 491 cum
1222 439 1323 495 ’nasa

67 442 256 588 audiissent,
279 505 326 572 nil
347 507 454 575 inesse
476 505 542 574 doli
565 517 732 595 putantes:
756 506 885 577 ‘Grates
900 506 960 575 tibi
974 503 1279 607 persolvimus’,{⁶⁸·t
1304 564 1331 606 Π

66 592 145 656 aion
191 597 220 656 ‘o
242 593 353 679 episco
378 616 409 677 03
433 591 526 660 decet
548 595 635 659 enim
658 595 851 681 sapientiam
878 604 968 659 tuam
990 594 1089 660 tantis
1110 593 1210 661 medi·
1238 573 1286 616 '⁹‘
1333 591 1340 604 ⁰

67 678 201 742 anicem
224 615 423 745 intercedere
445 677 553 745 rebus.
598 677 695 746 Solus
718 701 753 744 es
776 700 818 744 ex
834 679 981 763 Francis,
1005 701 1102 767 quem
1123 702 1211 746 nunc

68 760 258 847 diligamus3
282 762 339 829 sed
355 785 431 828 cum
446 762 632 851 depravata,
655 775 687 831 te
702 763 861 838 hortante,
878 766 1088 848 correxerint,
1103 775 1135 830 et
1149 766 1212 854 ipsi

68 845 257 998 dpipentp3
280 857 382 937 tuque
404 849 521 914 iterum
544 849 585 915 ad
607 870 667 914 nes
691 871 766 914 cum
788 850 927 931 veneris,
949 871 1016 914 non
1037 849 1211 917 indonatus

67 954 88 997 a
111 932 122 996 i
146 933 183 996 is'
197 944 224 994 1.
714 997 720 1003 ,

154 1014 295 1083 ‘Corona
322 1039 422 1083 aurea
452 1029 657 1107 sceptroque,
686 1040 760 1085 cum
789 1019 853 1084 huc
885 1018 970 1085 ultra
996 1018 1137 1104 rediero,
1160 1042 1212 1086 me

66 1102 272 1190 Nicephorus
295 1102 478 1169 donabit’ta
501 1107 619 1171 tacitus
642 1104 721 1170 dixi.

153 1185 232 1254 ‘Sed
254 1186 326 1271 die',
348 1189 510 1275 inquiunt,
533 1188 613 1255 ‘vult
634 1188 787 1255 dominus
804 1198 880 1254 tuus
896 1190 1120 1256 sanctissimus
1136 1212 1212 1256 eum

65 1275 263 1361 imperatore
285 1271 414 1339 firmare
437 1274 616 1341 amicitiam
637 1273 769 1342 foedere
790 1273 1009 1362 nuptiarum’?
1030 1315 1073 1326 -

152 1355 248 1424 ‘Cum
271 1357 335 1423 hue
365 1359 526 1442 venirem,
555 1358 678 1443 voluit’,
706 1360 855 1448 inquam,
885 1359 953 1426 ‘sed
982 1362 1059 1448 quia
1081 1382 1134 1427 me
1156 1360 1212 1426 diu

66 1443 122 1510 hic
145 1452 291 1510 morante
313 1441 437 1510 litteras
458 1466 525 1509 non
550 1447 672 1533 recepit
695 1445 896 1533 -σφάλμα,
917 1445 952 1511 id
975 1456 1023 1511 est
1044 1445 1169 1529 vitium,
1192 1467 1212 1508 a

65 1527 219 1594 vobis-
233 1550 352 1616 meque
375 1538 506 1615 captum
529 1540 624 1617 putat
646 1541 678 1596 et
699 1531 855 1612 vinctum,
878 1541 1068 1618 aestuatque
1083 1531 1211 1596 animus

66 1615 135 1680 eius
157 1623 253 1696 totus,
278 1627 314 1680 ut
335 1611 478 1697 leaenae,
507 1613 622 1680 catulis
645 1617 758 1702 raptis,
787 1613 893 1681 donec
920 1615 1099 1682 vindictam
1125 1617 1211 1681 iusta

63 1699 164 1765 faciat
174 1695 352 1765 acerbitate
365 1709 398 1765 et
407 1700 539 1786 nuptias
551 1700 734 1783 abhorreat,
747 1709 845 1786 atque
856 1701 939 1765 iram
951 1702 985 1765 in
993 1722 1052 1766 vos
1061 1703 1210 1767 evomat'.
1222 1720 1373 1775 omnus.

152 1782 199 1849 ‘Si
227 1785 367 1871 ceperit’,
397 1786 558 1872 inquiunt,
587 1793 663 1853 ‘non
691 1786 832 1851 dicimus
853 1783 981 1852 Italiam
1006 1827 1043 1836 -
1068 1785 1125 1853 sed
1151 1807 1212 1853 nec

63 1872 138 1958 ipsa
160 1870 268 1957 capiet
289 1891 374 1951 eum,
396 1871 431 1935 in
453 1891 518 1958 qua
542 1881 631 1937 ortus
653 1882 711 1954 est,
734 1892 799 1959 pau
842 1882 907 1937 ret
920 1883 1067 1958 gunnata
1076 1881 1097 1953 ²,
1113 1870 1148 1936 id
1163 1881 1213 1938 est

64 1952 212 2043 pellicea,
241 1953 395 2036 Saxonis,
418 1995 461 2005 -
482 1957 623 2043 pecunia
653 1978 719 2045 qua
748 1978 791 2044 po
814 1978 907 2021 emus
931 1977 1044 2022 omnes
1064 1957 1212 2023 nationes

65 2061 166 2127 super
191 2040 299 2127 ipsum
328 2038 559 2124 invitabimus,
585 2052 617 2108 et
645 2042 739 2129 quasi
769 2040 987 2124 keramicum,
1014 2040 1050 2106 id
1078 2052 1127 2108 est
1152 2063 1211 2108 vas

64 2122 174 2208 fietile,
197 2123 285 2211 qued
309 2122 510 2191 confractum
533 2125 702 2192 reformari
723 2127 847 2214 nequit,
871 2125 1123 2214 confringemus.
1167 2125 1212 2192 Et

65 2209 222 2298 quoniam
244 2218 276 2276 te
303 2210 339 2275 in
364 2209 516 2277 decorem
544 2233 640 2276 suum
672 2210 833 2299 quaedam
858 2209 958 2299 pallia
979 2211 1096 2278 emisse
1117 2221 1212 2299 puta-

63 2317 147 2378 mus,
170 2295 264 2361 utin
285 2293 429 2361 medium
455 2295 671 2382 proferantur,
699 2295 873 2380 edicimus3
903 2317 987 2384 quae
1015 2307 1092 2362 sunt
1116 2293 1211 2362 vobis

64 2379 175 2466 digne,
196 2378 353 2466 plumbea
373 2391 526 2447 notentur
547 2380 637 2447 bulla
657 2379 819 2469 vobisque
840 2384 1003 2464 sinantur3
1049 2402 1112 2447 uae
1133 2402 1211 2446 vero

65 2467 265 2546 κωλυόμενα,
295 2464 328 2531 id
356 2476 406 2532 est
432 2466 620 2532 nationibus
650 2467 811 2549 omnibus,
838 2488 897 2555 pre
924 2465 1019 2534 nobis
1076 2465 1211 2550 omanis,

64 2549 240 2638 prohibita,
286 2554 367 2616 retio
389 2549 517 2616 reddito
539 2546 746 2617 auferantur&

151 2635 204 2701 54.
250 2573 348 2717 (guod
371 2656 448 2701 cum
470 2634 571 2718 fieret,
595 2638 739 2725 quinque
762 2635 843 2701 mihi
865 2636 1117 2724 pretiosissimas
1136 2658 1212 2722 pur-

89 2743 165 2786 uras
198 2718 415 2803 abstulerunt,
441 2719 593 2807 indignos
622 2743 681 2787 vos
710 2743 888 2808 omnesque
917 2721 1026 2805 Italos,
1053 2720 1212 2806 Saxones,

64 2743 221 2888 lrmcos,
245 2805 459 2892 Bagoariosl,
484 2806 619 2889 Suevos,
643 2807 743 2872 immo
766 2819 901 2873 cunctas
921 2807 1077 2890 nationes,
1101 2807 1212 2872 huius-

66 2890 177 2956 modi⁰
200 2900 289 2956 veste
313 2901 441 2956 ornatos
468 2890 619 2957 incedere
642 2892 833 2958 iudicantes.
878 2891 976 2974 Quod
1022 2914 1097 2957 uam
1123 2890 1211 2958 inde-

66 2997 180 3042 corum
214 2996 379 3062 quamque
413 2975 685 3042 contumeliosum
709 2978 788 3059 estl,
821 2975 945 3059 molles,
979 2913 1211 3061 edoeminatos,

65 3062 257 3143 manicatos,
279 3062 421 3144 tiaratos,
453 3061 641 3144 teristratos,
670 3061 854 3145 mendaces,
883 3072 1045 3145 neutros³,
1072 3060 1211 3146 desides,

89 3155 264 3233 urpuratos
279 3146 445 3229 incedere3
468 3144 583 3213 heroas
597 3167 686 3230 vero,
708 3149 795 3213 viros
811 3144 935 3213 scilicet
948 3146 1057 3231 fortes,
1073 3148 1212 3214 scientes

64 3169 199 3314 dellum,
232 3229 309 3296 fidei
339 3232 566 3318 caritatisquee
595 3229 722 3318 plenos,
756 3231 818 3297 deo
847 3230 1004 3316 subditos,
1037 3230 1212 3299 viantibus

64 3314 190 3404 plenos,
213 3317 293 3381 non!
318 3315 407 3398 Quid
430 3325 488 3399 est,
512 3316 539 3382 si
560 3338 626 3383 non
648 3316 729 3383 haec
753 3315 949 3384 contumelia
963 3316 1032 3384 est?
1060 3315 1137 3383 ‘Sed
1152 3317 1212 3383 ubi

64 3404 134 3484 est’,
157 3403 302 3489 inquam,
325 3402 564 3489 ‘imperatorius
585 3401 714 3468 sermo?
729 3401 786 3468 ubi
800 3399 1000 3490 imperialiss
1017 3400 1213 3488 promissio?

67 3484 155 3554 Cum
177 3488 264 3553 enim
286 3484 333 3551 illi
354 3485 580 3571 valedicerem,
603 3488 727 3575 rogavi,
749 3498 788 3554 ut
808 3488 842 3552 in
873 3484 1029 3553 ecclesiae
1058 3485 1213 3555 honorem

67 3573 233 3672 quantivis
255 3571 350 3659 pretii
371 3593 425 3637 me
446 3573 649 3659 permitteret
669 3570 769 3660 pallia
790 3594 908 3640 emere.
947 3571 1013 3654 Qui
1035 3573 1094 3638 ait:
1125 3572 1215 3655 Qua·

65 3656 110 3723 lra
131 3657 182 3722 vis
205 3665 238 3723 et
259 3667 388 3744 quanta,
412 3656 568 3741 ποιότητα
590 3661 647 3725 καὶ
671 3656 855 3742 ποσότητα,
882 3655 918 3722 id
947 3667 997 3723 est
1022 3654 1214 3744 qualitatem

66 3753 101 3809 et
110 3742 335 3830 quantitatem,
344 3762 479 3829 ponens,
494 3741 711 3810 differentiam
719 3741 1017 3831 planenonposnit,
1029 3739 1213 3809 utdiceret:

67 3824 120 3893 his
142 3837 175 3893 et
195 3826 259 3892 illis
282 3828 440 3916 exceptis.
474 3827 582 3896 Testis
605 3840 656 3896 est
669 3826 738 3896 Leo
760 3826 979 3917 coropalates,
1005 3825 1106 3892 frater
1127 3827 1215 3910 eius,

66 3914 158 3979 testis
181 3923 230 3979 est
253 3921 286 3979 et
305 3914 465 4000 interpres
493 3912 684 3996 Euodisius,
712 3913 883 3997 Iohannes,
913 3912 1096 3994 Romanus3
1122 3911 1214 3980 testis

67 4019 140 4063 sum
163 3999 243 4086 ipse,
269 3997 326 4085 qui
348 3997 437 4085 quod
459 3999 636 4087 imperator
658 3997 790 4083 diceret,
817 3997 944 4066 etiamsi
972 3997 1132 4084 interpres
1159 3996 1213 4064 ab·

66 4092 163 4166 esset,
185 4080 348 4150 intellexi’.

66 4193 91 4304 pp
109 4193 208 4292 dloqabls
217 4193 246 4293 tq.
269 4192 317 4292 Cb)
334 4193 365 4233 al.
380 4194 529 4236 BaeartosC
572 4192 593 4246 e)
608 4192 740 4236 huiusmodi
758 4194 779 4235 0.
816 4193 841 4246 d)
858 4195 888 4235 stt
904 4193 927 4238 C.
973 4189 1211 4244 elcbarltattsqnec.

102 4264 134 4293 α.
161 4263 215 4302 mpe
239 4263 252 4293 a
285 4285 290 4295 ,

69 4329 97 4397 1)
118 4333 202 4399 Verg.
222 4332 291 4385 Aen.
311 4315 346 4396 V,
367 4333 436 4384 aot:
457 4333 523 4386 mihi
544 4350 598 4386 non
619 4332 735 4386 donatus
754 4333 851 4385 abibit.
896 4332 923 4396 2)
942 4332 1040 4385 Gnnna
1061 4337 1102 4383 est
1121 4333 1214 4383 tunica

63 4406 177 4473 pellicia
198 4407 285 4474 (angl.
307 4404 409 4475 govvn).
488 4406 518 4474 3)
538 4411 557 4461 i.
579 4425 603 4461 e.
625 4407 764 4461 eunuchos
786 4404 812 4458 O.
