2932 4718
339 252 536 305 EPITAPH1A
556 253 770 308 ADELBERTI
789 255 836 308 BT
854 255 1008 310 nuans.
1179 254 1232 305 1⁶7

640 424 684 491 11.

182 551 203 628 †
224 544 297 611 Hoc
318 545 439 633 tegitur
460 544 585 613 tumulo
608 546 789 612 comitissae
812 568 930 634 corpus
950 545 1120 614 humatum

266 628 382 696 Inclita
427 633 576 719 rogenies
597 631 694 698 Berta
715 631 855 717 benigna
877 633 940 719 pia.

225 715 319 781 Uxor
340 715 393 781 Ad
426 715 507 782 berti
530 716 622 782 ducis
644 715 755 782 Italiae
777 716 870 782 fuiti
895 717 939 799 sa,

266 799 397 899 Regalis
419 802 547 887 generis
570 824 652 889 quae
673 800 733 866 fuit
754 823 848 867 omne
870 739 980 866 decus.

184 903 199 953 5
224 883 350 950 Nobihs
374 908 416 951 ex
438 884 502 951 alto
524 887 725 952 Francorum
747 886 891 974 germine
913 908 1036 973 regum,

266 968 408 1036 Karolus
430 972 500 1059 ipse
522 972 596 1058 pius
618 994 677 1038 rex
698 969 760 1038 fuit
781 971 850 1036 eius
871 993 961 1036 atus.

224 1055 317 1137 Quae
340 1058 449 1144 specie
470 1057 625 1156 speciosa,
648 1055 734 1122 bono
757 1057 935 1144 speciosior
956 1065 1041 1138 actu,

265 1139 350 1206 Filia
370 1141 524 1224 Lothani,
550 1140 716 1229 pulchrior
737 1163 778 1207 ex
800 1142 931 1206 meritis.

223 1225 405 1291 Permansit
425 1226 514 1308 felix,
536 1225 621 1292 seclo
644 1226 721 1292 dum
743 1227 826 1291 vixit
846 1226 880 1290 in
901 1226 973 1309 isto,

165 1325 200 1378 to
266 1310 339 1376 Non
360 1311 511 1377 inimicus
534 1332 606 1378 eam
627 1312 757 1378 vincere
779 1309 969 1399 praevaluit.

224 1393 367 1461 Consilio
390 1396 486 1462 docto
507 1396 696 1464 moderabat
716 1397 864 1484 regmina
885 1394 997 1479 multa,

267 1479 403 1568 Semper
424 1492 492 1547 erat
513 1503 624 1547 secum
685 1483 750 1548 otia
771 1502 889 1568 magna
911 1479 974 1547 dei.

223 1565 375 1631 Partibus
397 1589 438 1632 ex
461 1565 570 1632 multis
592 1504 685 1632 maid
707 1567 840 1633 comites
861 1566 1043 1647 veniebant,

265 1650 456 1717 Mellifluurn
479 1653 573 1716 cuius
596 1673 750 1738 quaerere
774 1649 982 1738 colloquium.

164 1752 198 1804 15
223 1734 387 1802 Exulibus
408 1737 534 1802 miseris
557 1750 659 1803 mater
682 1737 848 1802 carissima
872 1737 1000 1815 mansit,

266 1820 374 1920 Atque
396 1822 574 1908 peregrinis
596 1843 723 1922 semper
745 1843 839 1972 opem
861 1820 983 1888 tribuit.

224 1903 349 1972 Olarurt
369 1905 450 1973 haec
472 1905 587 1972 mulier
608 1929 644 1972 sa
668 1930 736 1973 rens
772 1907 913 1994 ortisque
936 1903 1097 1986 columna,

265 1990 379 2057 Totius
400 1992 504 2057 virtus
548 1991 627 2068 loria
644 1930 707 2057 qu
728 1991 861 2080 patriae.

222 2075 336 2143 Idibus
359 2077 481 2142 octavis
538 2077 615 2143 ortis
635 2078 787 2164 migravit
807 2074 849 2142 ab
871 2077 933 2143 ista

159 2176 198 2230 2⁰
263 2161 348 2244 Vita,
371 2183 446 2227 oum
469 2160 600 2228 domino
622 2163 712 2227 vivat
733 2162 821 2228 etin
842 2184 878 2227 re
902 2161 963 2227 uIe.

221 2245 311 2312 Mors
334 2247 403 2313 eius
425 2245 545 2313 multos
567 2250 737 2313 contristat
757 2268 817 2335 pro
839 2183 930 2312 doior
952 2244 1042 2327 eheu,

265 2330 355 2397 Eous
377 2331 518 2420 populus
540 2331 665 2420 plangit
686 2343 718 2398 et
740 2330 904 2397 occiduus.

222 2415 317 2482 Nunc
339 2415 474 2505 Europa
494 2419 605 2567 {pluit
627 2440 713 2483 nunc
734 2415 824 2505 luget
845 2417 983 2482 Francia
1003 2424 1080 2495 tota,

268 2500 411 2583 Corsica,
436 2502 497 2569 Sor
522 2503 596 2586 nia,
620 2502 739 2569 Grecis
761 2512 792 2568 et
813 2500 916 2568 Italia.

161 2601 199 2655 25
225 2588 290 2669 Qui
311 2585 417 2674 legitis
438 2610 550 2654 versus
572 2589 660 2670 istos,
681 2610 740 2654 ros
761 2586 859 2653 dicite
881 2585 1003 2652 cuncti:

266 2671 462 2759 Perpetuam
483 2672 590 2738 lucem
613 2673 710 2739 donet
732 2673 761 2737 ei
784 2671 944 2738 dominus.
984 2669 1101 2734 Amen.

180 2758 277 2822 Anno
299 2757 480 2822 dominicae
506 2759 735 2824 incarnationis
757 2755 1033 2825 Dccocxxvo
1056 2751 1231 2819 indictione

94 2840 181 2907 XIII
205 2842 284 2908 obiit
307 2841 347 2908 de
369 2842 522 2908 mund0¹.
695 2864 699 2873 ·

97 3008 125 3073 1)
146 3009 297 3060 Bethmcnn
324 3007 468 3077 descripsit
490 3009 584 3060 Lucae
606 3007 639 3060 de
660 3023 802 3070 marmore,
828 3006 976 3075 quodiam
996 3020 1072 3056 muro
1094 3001 1229 3055 ecclesiae

96 3082 123 3135 S.
144 3083 248 3134 Mariae
268 3085 423 3151 impositum
448 3089 488 3134 est
512 3084 623 3135 intranti
643 3084 678 3135 ad
698 3082 844 3135 dexteram·
884 3081 1036 3132 Litercrum
1062 3079 1148 3130 forms
1175 3075 1232 3128 clo·

96 3159 270 3224 gratissima,
299 3173 369 3224 quae
396 3159 510 3225 optimas
541 3159 709 3225 antiqnitatIs
736 3157 872 3208 Romanas
897 3155 1088 3222 inscriptiones
1113 3150 1233 3204 feliciter

95 3233 225 3285 imitatur.
258 3231 410 3284 Edidcrunt
422 3231 552 3283 Muratori
565 3231 694 3284 Thesaur.
714 3232 835 3298 inscript.
857 3227 936 3293 1848,
958 3229 989 3293 13
1009 3227 1160 3280 Fiorentini
1173 3225 1234 3278 Mc·

96 3308 181 3359 morie
203 3305 230 3357 di
249 3305 364 3359 Matilda
383 3323 410 3374 p.
430 3306 476 3358 38.
