2932 4718
202 257 269 309 ·1s
390 257 623 312 crebrarum
641 240 907 314 mosronosrs.
945 258 1020 313 nm.
1038 259 1063 313 1.
1103 260 1222 312 rs-u.

233 426 366 516 quidem
399 425 625 494 callidissimus
656 426 711 495 ille
742 425 886 493 humano
915 428 1028 516 generi
1056 429 1219 512 inimicus,
1248 439 1285 496 ut
1316 427 1374 496 ho·

232 513 337 580 mines
369 513 625 602 prevaricatores
657 513 709 578 sui
742 511 842 578 faciat
874 514 1078 597 sacramenti,
1110 512 1246 580 celerius
1280 535 1375 602 saga-

231 600 361 687 tiusque
397 595 441 662 ad
475 596 726 684 inrumpendam
760 597 938 664 amicitiam
966 594 1102 664 laborat
1160 597 1264 682 Quod
1292 599 1321 666 si
1353 619 1376 664 a

146 685 150 690 ’
231 685 341 751 minus
359 694 450 768 recte
471 703 508 748 sa
530 679 672 749 lentibus
694 681 736 749 de
756 704 836 750 vero
858 681 1077 749 amicitiarum
1097 703 1217 770 genere
1235 704 1374 771 percon·

231 778 349 851 tamur,
370 787 490 854 respon
513 763 650 852 abimus,
673 766 882 834 concordiam
902 787 1079 856 veramque
1093 767 1297 834 amicitiam·
1307 767 1375 835 nisi

232 853 317 920 inter
337 850 526 918 emendatos
548 873 655 919 mores
669 851 881 941 eiusdemque
894 853 1024 919 virtutis
1038 861 1072 918 et
1084 852 1269 941 propositi*
1283 852 1375 920 viros

232 949 318 1006 stare
339 958 406 1003 non
450 957 533 1003 osse.
664 947 668 952 '
740 965 749 971 ·
963 951 980 961 ”
1286 940 1291 949 ’

321 1023 370 1090 15.
433 1022 499 1088 cn'
525 1022 690 1110 titoque,
720 1032 906 1109 utrumque,
927 1019 1106 1088 Widonem
1127 1021 1253 1088 scilicet
1271 1021 1374 1124 atqua

232 1107 478 1196 Berengarium,
596 1102 728 1192 liregis
757 1105 862 1172 funeri
890 1106 1014 1174 deesse.
1058 1104 1160 1173 Cuius
1187 1118 1298 1173 umen
1325 1129 1374 1174 m·

232 1192 365 1261 terium
385 1190 486 1258 Wido
508 1201 545 1256 ut
566 1189 702 1273 audivit,
723 1189 864 1257 Romam
884 1190 1061 1280 profectus,
1085 1188 1210 1291 absque
1231 1190 1375 1258 annco·

232 1299 306 1344 rum
339 1273 473 1342 consilio
503 1275 602 1342 totius
631 1273 791 1342 Fbanciae
820 1276 1007 1342 unctionem
1035 1286 1180 1364 suscepit
1211 1275 1374 1363 imperii1.

108 1354 224 1456 MR}
232 1362 352 1430 Franci
373 1361 384 1426 i
442 1381 482 1426 ue
505 1357 689 1442 Oddonem,
711 1361 867 1449 quoniam
887 1359 989 1427 Wido
1009 1361 1133 1442 aberat,
1161 1381 1275 1447 regem
1297 1381 1390 1437 con·,

170 1439 176 1455 ’
216 1442 383 1514 'stituunt
456 1444 645 1532 erengarius
665 1465 744 1511 vero
759 1445 911 1513 Wrdonis
926 1445 1073 1529 consilio,
1096 1443 1373 1534 quemadmodum

235 1533 266 1598 ei
287 1528 494 1598 iureiurando
523 1530 732 1619 promiserat,
760 1528 867 1597 Italici
894 1531 987 1618 regni
1016 1531 1160 1619 suscepit
1187 1531 1374 1618 imperium.

97 1611 225 1657 ”⁷⁴⁸⁸
234 1614 336 1684 wido
357 1624 467 1681 autem
488 1614 661 1680 Franmam
682 1615 774 1702 petit

322 1701 372 1766 16.
406 1698 556 1787 Cumque
577 1697 850 1786 Burgundionum
870 1721 906 1765 re
952 1719 973 1762 a
1001 1700 1171 1783 transiens,
1198 1700 1374 1767 Franciam

235 1807 334 1875 quum
356 1785 537 1851 Romanam
565 1783 680 1850 dicunt
707 1784 833 1870 ingredi
853 1807 894 1850 ve
918 1797 966 1866 et,
992 1783 1193 1850 Francorum
1214 1784 1322 1851 nuntii
1342 1785 1374 1852 ei

234 1867 417 1953 occ'urrunt,
440 1892 475 1936 se
496 1869 602 1936 redire
623 1869 818 1952 nuntiantes,
848 1890 886 1935 eo
910 1867 998 1957 quod
1018 1866 1117 1957 longa
1146 1870 1373 1957 expectatione
1406 1927 1414 1942 ,

231 1955 370 2042 fatigati,
403 1952 482 2020 dum
514 1955 584 2021 sine
615 1973 692 2041 rege
726 1952 783 2019 diu
815 1976 886 2020 esse
917 1975 983 2020 non
1014 1964 1164 2041 possent,
1198 1953 1373 2022 Oddonem

233 2041 359 2107 cunctis
431 2036 576 2106 tentibus
605 2036 782 2126 elegerunt
824 2038 943 2105 Fertur
970 2049 1080 2104 autem
1109 2037 1171 2104 hac
1201 2039 1400 2105 occasione

231 2061 575 2192 mmoosblidonem
595 2145 709 2210 regem
729 2122 793 2190 sibi
818 2144 884 2189 non
911 2123 1143 2211 adsumpsisse.
1185 2122 1272 2190 Nam
1294 2122 1374 2190 dum

230 2208 484 2300 adMetonsem
512 2218 669 2275 venturus
698 2219 784 2275 esset
811 2206 937 2291 urbem,
969 2230 1053 2297 quae
1082 2209 1309 2296 potentissima
1337 2209 1374 2274 in

195 2345 198 2350 .
230 2316 331 2397 regno
353 2292 499 2394 Lotharii
519 2291 629 2377 claret,
650 2293 800 2380 premisit
821 2291 1004 2393 dapiferum
1021 2314 1127 2392 suum,
1149 2294 1207 2382 qui
1221 2290 1375 2360 alimenta

230 2379 404 2480 flliu-
424 2389 744 2529 seorsum
753 2375 954 2529 ores
970 2376 1374 2528 pst,

230 2461 356 2632 Q
376 2485 573 2614 limiiumodi
594 2568 615 2611 a
636 2545 783 2636 dapifero
811 2567 970 2636 responsa
990 2546 1151 2647 stuscepit:
1181 2546 1229 2615 ‘Si
1250 2567 1373 2635 equum

231 2631 345 2735 saltem
374 2633 455 2698 mihi
475 2629 622 2729 dederis,
651 2631 772 2698 faciam
793 2641 830 2698 ut
849 2633 952 2732 tercia
973 2628 1122 2697 obsoni1⁰
1151 2630 1253 2732 huius
1278 2642 1373 2720 parta

175 2765 180 2849 l
230 2728 361 2871 ddcdtlx
373 2715 489 2885 dividi),
517 2719 754 2867 qqqutpptppl'.er
767 2714 1374 2888 ddddmepffledprudgcltlldleffitdddlffi

141 2978 143 2982 Ι
176 2851 183 2923 l
230 2851 375 3038 dreffnils
395 2824 459 2954 vile
481 2885 544 2953 sibi
566 2823 738 2951 obsonidlu
760 2823 941 2975 poepmgn
963 2874 1085 2973 Sicque
1106 2822 1230 2951 fa'ctiim
1252 2897 1312 2970 est,
1335 2896 1374 2954 ut

230 2969 288 3037 Wi
312 2993 408 3038 onem
428 2971 623 3054 desererent,
645 2969 819 3038 Oddonem
840 2983 948 3038 autem
971 2969 1012 3035 eli
1037 2980 1136 3036 erent

319 3058 369 3122 17.
402 3056 606 3122 Francorum
620 3055 720 3142 igitur
733 3077 801 3120 non
814 3075 930 3155 parum
944 3053 1002 3120 Wi
1026 3076 1045 3119 o
1061 3053 1268 3142 perturbatus
1285 3052 1316 3121 le

230 3140 385 3224 tionibus,
406 3138 568 3207 nonnullis
590 3140 678 3240 cepit
699 3138 950 3240 cogitationibus
973 3140 1124 3240 aestuari,
1153 3148 1221 3204 tam
1244 3161 1287 3204 ex
1324 3151 1372 3206 ta·

114 3223 1373 3376 ’”·’“·13.11“.ἒ.ἓ.112ἓ1211111121111111111·

229 3332 320 3461 inter
340 3331 513 3483 uirumque
530 3332 644 3461 bitem
658 3332 754 3459 phane
783 3332 1028 3476 aestuationllrm,
1055 3393 1208 3481 qnoniam
1229 3331 1372 3460 Friinco:

229 3501 304 3546 rum
334 3500 395 3546 rex
427 3501 498 3546 esse
526 3478 698 3567 nequibat,
728 3477 877 3566 frangere
906 3477 994 3567 quod
1022 3476 1221 3566 Berengan'o
1249 3477 1373 3545 iecerat

229 3563 455 3630 iusiurandum
484 3561 658 3647 deliberat;
689 3559 888 3663 collectoque
915 3573 1013 3651 prout
1033 3563 1141 3663 potuit
1163 3564 1310 3662 exercitu
1328 3602 1372 3613 ·—

229 3659 375 3716 traxerat
402 3669 479 3715 saue
501 3659 533 3715 et
553 3669 574 3712 a
600 3648 737 3714 Francrs
767 3648 932 3736 quandam
959 3647 1124 3714 affimtatis
1153 3645 1294 3713 hneam⁸
1318 3687 1373 3733 -,

231 3841 260 3894 s).
271 3843 420 3884 amicltttlam
437 3844 457 3884 1.
517 3840 542 3891 b)
559 3842 680 3893 proposito
697 3843 718 3884 1.
779 3839 800 3891 c)
820 3841 919 3882 obsonet
936 3843 955 3880 1.
971 3842 995 3882 1.

226 4001 261 4070 t)
280 4003 363 4057 wido
384 4018 513 4056 coronam
531 4000 700 4070 imperialem
720 4017 791 4054 anno
811 4001 865 4054 891
887 4001 931 4054 die
947 4002 993 4055 21.
1006 4001 1150 4053 Februarii
1169 4002 1276 4054 mensis-
1290 4014 1370 4053 acce*

231 4080 279 4146 pit,
294 4093 424 4132 coronam
436 4077 571 4129 Francius
585 4074 764 4128 occidentalis
778 4092 803 4130 s.
816 4075 871 4126 888
885 4075 1055 4143 Lingonibus
1067 4076 1096 4126 in
1108 4076 1184 4128 urbe.
1256 4073 1284 4141 2)
1293 4074 1372 4128 Tunc

230 4151 413 4206 Rucdbertus.
450 4149 507 4204 Sed
526 4150 679 4202 Metensem
703 4166 791 4217 usque
816 4151 1014 4216 Letharingise
1032 4147 1239 4213 urbem,W1do
1258 4149 1371 4203 minime

231 4241 389 4294 progressus
416 4230 467 4278 est.
580 4221 610 4291 3)
635 4222 677 4276 cf.
703 4224 774 4275 infre
799 4225 851 4287 111,
878 4240 903 4276 c.
923 4224 974 4287 423
1003 4223 1052 4287 1v,
1079 4239 1103 4274 c.
1124 4223 1150 4276 8.
1171 4223 1216 4277 22.
1242 4221 1371 4276 Valesius

232 4299 361 4366 (Ommeu
379 4299 574 4369 panegyricum
594 4299 755 4364 Berengerii
775 4315 802 4366 p.
824 4295 890 4365 116)
916 4297 988 4349 bunc
1013 4295 1104 4349 locum
1123 4302 1198 4349 recte
1223 4298 1263 4350 ite
1286 4297 1371 4349 inter·

230 4380 365 4443 pretatur:
386 4375 438 4426 boc
459 4380 500 4426 est
519 4371 608 4424 affinis
628 4372 795 4424 Francorum
814 4387 909 4439 regum
929 4377 996 4424 erat.
