<?xml version="1.0" encoding="UTF-8"?>
<!DOCTYPE html PUBLIC "-//W3C//DTD XHTML 1.0 Transitional//EN"
    "http://www.w3.org/TR/xhtml1/DTD/xhtml1-transitional.dtd">
<html xmlns="http://www.w3.org/1999/xhtml" xml:lang="en" lang="en">
 <head>
  <title>
</title>
<meta http-equiv="Content-Type" content="text/html;charset=utf-8" />
  <meta name='ocr-system' content='tesseract 3.04.00' />
  <meta name='ocr-capabilities' content='ocr_page ocr_carea ocr_par ocr_line ocrx_word'/>
</head>
<body>
  <div class='ocr_page' id='page_1' title='image "./operaomnia00liudgoog_0152.png"; bbox 0 0 2932 4718; ppageno 0'>
   <div class='ocr_carea' id='block_1_1' title="bbox 229 221 1169 313">
    <p class='ocr_par' dir='ltr' id='par_1_1' title="bbox 229 221 1169 313">
     <span class='ocr_line' id='line_1_1' title="bbox 229 221 1169 313; baseline 0.002 -5"><span class='ocrx_word' id='word_1_1' title='bbox 229 257 282 309; x_wconf 83' lang='lat' dir='ltr'><strong>rso</strong></span> <span class='ocrx_word' id='word_1_2' title='bbox 426 256 660 311; x_wconf 78' lang='lat' dir='ltr'><strong>urnnrmunr</strong></span> <span class='ocrx_word' id='word_1_3' title='bbox 678 256 858 312; x_wconf 77' lang='lat' dir='ltr'><strong>nrsroau</strong></span> <span class='ocrx_word' id='word_1_4' title='bbox 878 221 1047 313; x_wconf 82' lang='lat' dir='ltr'><strong>orrorus.</strong></span> <span class='ocrx_word' id='word_1_5' title='bbox 1085 259 1169 311; x_wconf 77' lang='lat' dir='ltr'><strong>4-c.</strong></span> 
     </span>
    </p>
   </div>
   <div class='ocr_carea' id='block_1_2' title="bbox 65 425 1461 3785">
    <p class='ocr_par' dir='ltr' id='par_1_2' title="bbox 164 425 1461 2303">
     <span class='ocr_line' id='line_1_2' title="bbox 164 425 1371 518; baseline 0.005 -28"><span class='ocrx_word' id='word_1_6' title='bbox 164 427 443 496; x_wconf 77' lang='lat' dir='ltr'><strong>sessaerosanctis</strong></span> <span class='ocrx_word' id='word_1_7' title='bbox 465 427 553 495; x_wconf 87' lang='lat' dir='ltr'><strong>beati</strong></span> <span class='ocrx_word' id='word_1_8' title='bbox 573 427 664 495; x_wconf 87' lang='lat' dir='ltr'><strong>Petri</strong></span> <span class='ocrx_word' id='word_1_9' title='bbox 689 425 825 494; x_wconf 85' lang='lat' dir='ltr'><strong>donavit</strong></span> <span class='ocrx_word' id='word_1_10' title='bbox 849 427 957 494; x_wconf 89' lang='lat' dir='ltr'><strong>aureis</strong></span> <span class='ocrx_word' id='word_1_11' title='bbox 984 427 1138 496; x_wconf 76' lang='lat' dir='ltr'>crucibus</span> <span class='ocrx_word' id='word_1_12' title='bbox 1167 439 1266 518; x_wconf 85' lang='lat' dir='ltr'><strong>atque</strong></span> <span class='ocrx_word' id='word_1_13' title='bbox 1293 427 1371 496; x_wconf 84' lang='lat' dir='ltr'><strong>cali·</strong></span> 
     </span>
     <span class='ocr_line' id='line_1_3' title="bbox 226 509 1371 602; baseline 0.002 -22"><span class='ocrx_word' id='word_1_14' title='bbox 226 509 330 580; x_wconf 85' lang='lat' dir='ltr'><strong>crbus.</strong></span> <span class='ocrx_word' id='word_1_15' title='bbox 374 512 483 581; x_wconf 83' lang='lat' dir='ltr'><strong>&#39;lestis</strong></span> <span class='ocrx_word' id='word_1_16' title='bbox 511 523 560 579; x_wconf 89' lang='lat' dir='ltr'><strong>est</strong></span> <span class='ocrx_word' id='word_1_17' title='bbox 586 510 764 601; x_wconf 82' lang='lat' dir='ltr'><strong>Stephana,</strong></span> <span class='ocrx_word' id='word_1_18' title='bbox 797 512 867 579; x_wconf 88' lang='lat' dir='ltr'><strong>eius</strong></span> <span class='ocrx_word' id='word_1_19' title='bbox 893 512 1004 597; x_wconf 85' lang='lat' dir='ltr'><strong>amita,</strong></span> <span class='ocrx_word' id='word_1_20' title='bbox 1037 535 1122 602; x_wconf 89' lang='lat' dir='ltr'><strong>quae</strong></span> <span class='ocrx_word' id='word_1_21' title='bbox 1146 515 1182 580; x_wconf 91' lang='lat' dir='ltr'><strong>in</strong></span> <span class='ocrx_word' id='word_1_22' title='bbox 1208 513 1371 582; x_wconf 87' lang='lat' dir='ltr'><strong>effusione</strong></span> 
     </span>
     <span class='ocr_line' id='line_1_4' title="bbox 226 594 1371 689; baseline -0.001 -24"><span class='ocrx_word' id='word_1_23' title='bbox 226 598 314 689; x_wconf 93' lang='lat' dir='ltr'><strong>quod</strong></span> <span class='ocrx_word' id='word_1_24' title='bbox 347 621 390 667; x_wconf 89' lang='lat' dir='ltr'><strong>ex</strong></span> <span class='ocrx_word' id='word_1_25' title='bbox 419 618 459 666; x_wconf 91' lang='lat' dir='ltr'><strong>eo</strong></span> <span class='ocrx_word' id='word_1_26' title='bbox 492 608 687 686; x_wconf 78' lang='lat' dir='ltr'><strong>conceperat</strong></span> <span class='ocrx_word' id='word_1_27' title='bbox 717 619 831 665; x_wconf 87' lang='lat' dir='ltr'><strong>recens</strong></span> <span class='ocrx_word' id='word_1_28' title='bbox 863 594 1030 665; x_wconf 89' lang='lat' dir='ltr'><strong>bominem</strong></span> <span class='ocrx_word' id='word_1_29' title='bbox 1061 599 1173 666; x_wconf 80' lang='lat' dir='ltr'><strong>exivit</strong></span> <span class='ocrx_word' id='word_1_30' title='bbox 1218 597 1307 682; x_wconf 80' lang='lat' dir='ltr'><strong>Quid</strong></span> <span class='ocrx_word' id='word_1_31' title='bbox 1339 598 1371 664; x_wconf 87' lang='lat' dir='ltr'><strong>si</strong></span> 
     </span>
     <span class='ocr_line' id='line_1_5' title="bbox 226 679 1371 773; baseline 0 -22"><span class='ocrx_word' id='word_1_32' title='bbox 226 693 345 751; x_wconf 86' lang='lat' dir='ltr'><strong>cuncta</strong></span> <span class='ocrx_word' id='word_1_33' title='bbox 371 690 511 767; x_wconf 71' lang='lat' dir='ltr'><strong>uceant,</strong></span> <span class='ocrx_word' id='word_1_34' title='bbox 539 681 760 750; x_wconf 87' lang='lat' dir='ltr'><strong>Lateranense</strong></span> <span class='ocrx_word' id='word_1_35' title='bbox 787 679 956 771; x_wconf 86' lang='lat' dir='ltr'><strong>palatium,</strong></span> <span class='ocrx_word' id='word_1_36' title='bbox 985 695 1175 751; x_wconf 86' lang='lat' dir='ltr'><strong>sanctorum</strong></span> <span class='ocrx_word' id='word_1_37' title='bbox 1203 680 1371 773; x_wconf 80' lang='lat' dir='ltr'><strong>quondam</strong></span> 
     </span>
     <span class='ocr_line' id='line_1_6' title="bbox 225 766 1371 918; baseline 0.002 -83"><span class='ocrx_word' id='word_1_38' title='bbox 225 767 416 870; x_wconf 85' lang='lat' dir='ltr'><strong>hospitium,</strong></span> <span class='ocrx_word' id='word_1_39' title='bbox 436 787 524 834; x_wconf 87' lang='lat' dir='ltr'><strong>nunc</strong></span> <span class='ocrx_word' id='word_1_40' title='bbox 532 766 756 918; x_wconf 65' lang='lat' dir='ltr'><strong>prostibulum</strong></span> <span class='ocrx_word' id='word_1_41' title='bbox 769 768 989 852; x_wconf 86' lang='lat' dir='ltr'><strong>meretricum,</strong></span> <span class='ocrx_word' id='word_1_42' title='bbox 1009 789 1077 836; x_wconf 90' lang='lat' dir='ltr'><strong>non</strong></span> <span class='ocrx_word' id='word_1_43' title='bbox 1093 767 1212 853; x_wconf 89' lang='lat' dir='ltr'><strong>silebit,</strong></span> <span class='ocrx_word' id='word_1_44' title='bbox 1233 769 1371 837; x_wconf 75' lang='lat' dir='ltr'><strong>smitam</strong></span> 
     </span>
     <span class='ocr_line' id='line_1_7' title="bbox 225 850 1371 942; baseline 0 -21"><span class='ocrx_word' id='word_1_45' title='bbox 225 864 429 940; x_wconf 80' lang='lat' dir='ltr'><strong>comugem1,</strong></span> <span class='ocrx_word' id='word_1_46' title='bbox 452 851 532 942; x_wconf 85' lang='lat' dir='ltr'><strong>Step</strong></span> <span class='ocrx_word' id='word_1_47' title='bbox 555 854 650 920; x_wconf 80' lang='lat' dir='ltr'><strong>anias</strong></span> <span class='ocrx_word' id='word_1_48' title='bbox 676 850 809 920; x_wconf 78' lang='lat' dir='ltr'><strong>alterim</strong></span> <span class='ocrx_word' id='word_1_49' title='bbox 838 851 1041 921; x_wconf 77' lang='lat' dir='ltr'><strong>concubinae</strong></span> <span class='ocrx_word' id='word_1_50' title='bbox 1061 874 1216 921; x_wconf 89' lang='lat' dir='ltr'><strong>sororem.</strong></span> <span class='ocrx_word' id='word_1_51' title='bbox 1260 853 1371 922; x_wconf 84' lang='lat' dir='ltr'><strong>Testis</strong></span> 
     </span>
     <span class='ocr_line' id='line_1_8' title="bbox 226 936 1372 1028; baseline 0.001 -22"><span class='ocrx_word' id='word_1_52' title='bbox 226 937 374 1006; x_wconf 89' lang='lat' dir='ltr'><strong>omnium</strong></span> <span class='ocrx_word' id='word_1_53' title='bbox 394 939 543 1026; x_wconf 79' lang='lat' dir='ltr'><strong>gentium</strong></span> <span class='ocrx_word' id='word_1_54' title='bbox 579 949 666 1005; x_wconf 89' lang='lat' dir='ltr'><strong>reter</strong></span> <span class='ocrx_word' id='word_1_55' title='bbox 679 937 901 1005; x_wconf 86' lang='lat' dir='ltr'><strong>Romanarum</strong></span> <span class='ocrx_word' id='word_1_56' title='bbox 915 936 1064 1006; x_wconf 83' lang='lat' dir='ltr'><strong>absentia</strong></span> <span class='ocrx_word' id='word_1_57' title='bbox 1077 937 1262 1023; x_wconf 84' lang='lat' dir='ltr'><strong>mulierum,</strong></span> <span class='ocrx_word' id='word_1_58' title='bbox 1284 959 1372 1028; x_wconf 89' lang='lat' dir='ltr'><strong>quae</strong></span> 
     </span>
     <span class='ocr_line' id='line_1_9' title="bbox 226 960 1371 1112; baseline 0.001 -21"><span class='ocrx_word' id='word_1_59' title='bbox 226 1033 414 1091; x_wconf 63' lang='lat' dir='ltr'><strong>aencorum</strong></span> <span class='ocrx_word' id='word_1_60' title='bbox 441 960 664 1111; x_wconf 83' lang='lat' dir='ltr'><strong>apostolbrum</strong></span> <span class='ocrx_word' id='word_1_61' title='bbox 690 1022 806 1089; x_wconf 84' lang='lat' dir='ltr'><strong>limina</strong></span> <span class='ocrx_word' id='word_1_62' title='bbox 834 1021 949 1089; x_wconf 88' lang='lat' dir='ltr'><strong>orandi</strong></span> <span class='ocrx_word' id='word_1_63' title='bbox 977 1023 1084 1112; x_wconf 81' lang='lat' dir='ltr'><strong>gratis</strong></span> <span class='ocrx_word' id='word_1_64' title='bbox 1111 1023 1228 1091; x_wconf 84' lang='lat' dir='ltr'><strong>timent</strong></span> <span class='ocrx_word' id='word_1_65' title='bbox 1252 1023 1371 1109; x_wconf 86' lang='lat' dir='ltr'><strong>visere,</strong></span> 
     </span>
     <span class='ocr_line' id='line_1_10' title="bbox 226 1105 1461 1209; baseline -0.006 -33"><span class='ocrx_word' id='word_1_66' title='bbox 226 1129 302 1176; x_wconf 86' lang='lat' dir='ltr'><strong>cum</strong></span> <span class='ocrx_word' id='word_1_67' title='bbox 322 1105 495 1174; x_wconf 85' lang='lat' dir='ltr'><strong>nonnullas</strong></span> <span class='ocrx_word' id='word_1_68' title='bbox 515 1118 591 1176; x_wconf 87' lang='lat' dir='ltr'><strong>ante</strong></span> <span class='ocrx_word' id='word_1_69' title='bbox 613 1107 683 1175; x_wconf 89' lang='lat' dir='ltr'><strong>dies</strong></span> <span class='ocrx_word' id='word_1_70' title='bbox 712 1129 837 1209; x_wconf 84' lang='lat' dir='ltr'><strong>paucos</strong></span> <span class='ocrx_word' id='word_1_71' title='bbox 860 1106 950 1174; x_wconf 91' lang='lat' dir='ltr'><strong>hunc</strong></span> <span class='ocrx_word' id='word_1_72' title='bbox 980 1107 1144 1176; x_wconf 79' lang='lat' dir='ltr'><strong>audierint</strong></span> <span class='ocrx_word' id='word_1_73' title='bbox 1165 1109 1370 1196; x_wconf 73' lang='lat' dir='ltr'><strong>coniugatus,</strong></span> <span class='ocrx_word' id='word_1_74' title='bbox 1458 1162 1461 1168; x_wconf 88' lang='lat'><em>.</em></span> 
     </span>
     <span class='ocr_line' id='line_1_11' title="bbox 224 1190 1371 1283; baseline 0.002 -22"><span class='ocrx_word' id='word_1_75' title='bbox 224 1193 352 1278; x_wconf 82' lang='lat' dir='ltr'><strong>viduas,</strong></span> <span class='ocrx_word' id='word_1_76' title='bbox 366 1193 522 1279; x_wconf 84' lang='lat' dir='ltr'><strong>virgines,</strong></span> <span class='ocrx_word' id='word_1_77' title='bbox 534 1193 571 1259; x_wconf 83' lang='lat' dir='ltr'><strong>vi</strong></span> <span class='ocrx_word' id='word_1_78' title='bbox 585 1213 797 1283; x_wconf 78' lang='lat' dir='ltr'><strong>oppressisse.</strong></span> <span class='ocrx_word' id='word_1_79' title='bbox 821 1190 936 1260; x_wconf 83' lang='lat' dir='ltr'><strong>Testes</strong></span> <span class='ocrx_word' id='word_1_80' title='bbox 951 1202 1027 1259; x_wconf 81' lang='lat' dir='ltr'><strong>sunt</strong></span> <span class='ocrx_word' id='word_1_81' title='bbox 1040 1202 1228 1261; x_wconf 87' lang='lat' dir='ltr'><strong>sanctorum</strong></span> <span class='ocrx_word' id='word_1_82' title='bbox 1238 1203 1371 1283; x_wconf 84' lang='lat' dir='ltr'><strong>aposto·</strong></span> 
     </span>
     <span class='ocr_line' id='line_1_12' title="bbox 223 1274 1372 1366; baseline 0.001 -22"><span class='ocrx_word' id='word_1_83' title='bbox 223 1276 332 1345; x_wconf 89' lang='lat' dir='ltr'><strong>lorum</strong></span> <span class='ocrx_word' id='word_1_84' title='bbox 352 1276 499 1362; x_wconf 86' lang='lat' dir='ltr'><strong>eclesiae,</strong></span> <span class='ocrx_word' id='word_1_85' title='bbox 521 1298 606 1366; x_wconf 87' lang='lat' dir='ltr'><strong>quae</strong></span> <span class='ocrx_word' id='word_1_86' title='bbox 627 1298 694 1344; x_wconf 89' lang='lat' dir='ltr'><strong>non</strong></span> <span class='ocrx_word' id='word_1_87' title='bbox 715 1275 858 1344; x_wconf 84' lang='lat' dir='ltr'><strong>stillatim</strong></span> <span class='ocrx_word' id='word_1_88' title='bbox 879 1274 1036 1366; x_wconf 84' lang='lat' dir='ltr'><strong>pluviam,</strong></span> <span class='ocrx_word' id='word_1_89' title='bbox 1056 1276 1113 1346; x_wconf 86' lang='lat' dir='ltr'><strong>ted</strong></span> <span class='ocrx_word' id='word_1_90' title='bbox 1126 1287 1372 1347; x_wconf 87' lang='lat' dir='ltr'><strong>toturntectnm</strong></span> 
     </span>
     <span class='ocr_line' id='line_1_13' title="bbox 224 1360 1372 1453; baseline 0.001 -24"><span class='ocrx_word' id='word_1_91' title='bbox 224 1363 437 1449; x_wconf 85' lang='lat' dir='ltr'><strong>intrinsecus,</strong></span> <span class='ocrx_word' id='word_1_92' title='bbox 470 1384 571 1452; x_wconf 84' lang='lat' dir='ltr'><strong>supra</strong></span> <span class='ocrx_word' id='word_1_93' title='bbox 601 1363 675 1453; x_wconf 92' lang='lat' dir='ltr'><strong>ipsa</strong></span> <span class='ocrx_word' id='word_1_94' title='bbox 707 1363 807 1430; x_wconf 88' lang='lat' dir='ltr'><strong>etiam</strong></span> <span class='ocrx_word' id='word_1_95' title='bbox 839 1373 1047 1430; x_wconf 83' lang='lat' dir='ltr'><strong>sacrosancta</strong></span> <span class='ocrx_word' id='word_1_96' title='bbox 1078 1360 1195 1431; x_wconf 84' lang='lat' dir='ltr'><strong>altaris</strong></span> <span class='ocrx_word' id='word_1_97' title='bbox 1229 1361 1372 1431; x_wconf 87' lang='lat' dir='ltr'><strong>imbrem</strong></span> 
     </span>
     <span class='ocr_line' id='line_1_14' title="bbox 224 1447 1372 1537; baseline -0.002 -21"><span class='ocrx_word' id='word_1_98' title='bbox 224 1447 409 1516; x_wconf 82' lang='lat' dir='ltr'><strong>admittunt</strong></span> <span class='ocrx_word' id='word_1_99' title='bbox 460 1447 592 1531; x_wconf 82' lang='lat' dir='ltr'><strong>Quanto</strong></span> <span class='ocrx_word' id='word_1_100' title='bbox 620 1469 680 1514; x_wconf 89' lang='lat' dir='ltr'><strong>nos</strong></span> <span class='ocrx_word' id='word_1_101' title='bbox 708 1456 832 1515; x_wconf 89' lang='lat' dir='ltr'><strong>terrore</strong></span> <span class='ocrx_word' id='word_1_102' title='bbox 864 1449 957 1537; x_wconf 81' lang='lat' dir='ltr'><strong>tigna</strong></span> <span class='ocrx_word' id='word_1_103' title='bbox 984 1447 1148 1534; x_wconf 76' lang='lat' dir='ltr'><strong>afliciunt,</strong></span> <span class='ocrx_word' id='word_1_104' title='bbox 1170 1470 1248 1516; x_wconf 90' lang='lat' dir='ltr'><strong>cum</strong></span> <span class='ocrx_word' id='word_1_105' title='bbox 1285 1447 1372 1515; x_wconf 82' lang='lat' dir='ltr'><strong>diri·</strong></span> 
     </span>
     <span class='ocr_line' id='line_1_15' title="bbox 225 1531 1372 1622; baseline 0.001 -22"><span class='ocrx_word' id='word_1_106' title='bbox 225 1543 322 1600; x_wconf 77' lang='lat' dir='ltr'><strong>nam·</strong></span> <span class='ocrx_word' id='word_1_107' title='bbox 343 1554 441 1622; x_wconf 91' lang='lat' dir='ltr'><strong>opem</strong></span> <span class='ocrx_word' id='word_1_108' title='bbox 462 1532 579 1601; x_wconf 89' lang='lat' dir='ltr'><strong>eodem</strong></span> <span class='ocrx_word' id='word_1_109' title='bbox 600 1531 833 1622; x_wconf 82' lang='lat' dir='ltr'><strong>deposcimus?</strong></span> <span class='ocrx_word' id='word_1_110' title='bbox 853 1555 942 1600; x_wconf 86' lang='lat' dir='ltr'><strong>mora</strong></span> <span class='ocrx_word' id='word_1_111' title='bbox 969 1533 1005 1600; x_wconf 90' lang='lat' dir='ltr'><strong>in</strong></span> <span class='ocrx_word' id='word_1_112' title='bbox 1026 1534 1121 1601; x_wconf 87' lang='lat' dir='ltr'><strong>tectis</strong></span> <span class='ocrx_word' id='word_1_113' title='bbox 1135 1542 1262 1622; x_wconf 82' lang='lat' dir='ltr'><strong>regnat,</strong></span> <span class='ocrx_word' id='word_1_114' title='bbox 1284 1555 1372 1622; x_wconf 86' lang='lat' dir='ltr'><strong>quae</strong></span> 
     </span>
     <span class='ocr_line' id='line_1_16' title="bbox 224 1615 1371 1708; baseline 0 -23"><span class='ocrx_word' id='word_1_115' title='bbox 224 1640 285 1685; x_wconf 89' lang='lat' dir='ltr'><strong>nos</strong></span> <span class='ocrx_word' id='word_1_116' title='bbox 308 1639 400 1684; x_wconf 88' lang='lat' dir='ltr'><strong>orare</strong></span> <span class='ocrx_word' id='word_1_117' title='bbox 421 1616 525 1683; x_wconf 90' lang='lat' dir='ltr'><strong>multa</strong></span> <span class='ocrx_word' id='word_1_118' title='bbox 544 1615 690 1685; x_wconf 84' lang='lat' dir='ltr'><strong>volentes</strong></span> <span class='ocrx_word' id='word_1_119' title='bbox 711 1617 859 1707; x_wconf 86' lang='lat' dir='ltr'><strong>impedit,</strong></span> <span class='ocrx_word' id='word_1_120' title='bbox 880 1629 980 1708; x_wconf 90' lang='lat' dir='ltr'><strong>atque</strong></span> <span class='ocrx_word' id='word_1_121' title='bbox 996 1617 1132 1686; x_wconf 91' lang='lat' dir='ltr'><strong>domum</strong></span> <span class='ocrx_word' id='word_1_122' title='bbox 1145 1618 1271 1686; x_wconf 91' lang='lat' dir='ltr'><strong>domini</strong></span> <span class='ocrx_word' id='word_1_123' title='bbox 1289 1640 1371 1685; x_wconf 87' lang='lat' dir='ltr'><strong>mox</strong></span> 
     </span>
     <span class='ocr_line' id='line_1_17' title="bbox 224 1701 1372 1792; baseline 0.002 -23"><span class='ocrx_word' id='word_1_124' title='bbox 224 1703 373 1792; x_wconf 85' lang='lat' dir='ltr'><strong>linquere</strong></span> <span class='ocrx_word' id='word_1_125' title='bbox 388 1723 427 1768; x_wconf 93' lang='lat' dir='ltr'><strong>co</strong></span> <span class='ocrx_word' id='word_1_126' title='bbox 453 1704 487 1769; x_wconf 86' lang='lat' dir='ltr'><strong>&#39;t</strong></span> <span class='ocrx_word' id='word_1_127' title='bbox 523 1702 639 1770; x_wconf 82' lang='lat' dir='ltr'><strong>Testes</strong></span> <span class='ocrx_word' id='word_1_128' title='bbox 660 1713 737 1770; x_wconf 87' lang='lat' dir='ltr'><strong>sunt</strong></span> <span class='ocrx_word' id='word_1_129' title='bbox 757 1726 824 1771; x_wconf 91' lang='lat' dir='ltr'><strong>nou</strong></span> <span class='ocrx_word' id='word_1_130' title='bbox 846 1701 952 1771; x_wconf 91' lang='lat' dir='ltr'><strong>solum</strong></span> <span class='ocrx_word' id='word_1_131' title='bbox 973 1705 1166 1772; x_wconf 89' lang='lat' dir='ltr'><strong>iuncearum</strong></span> <span class='ocrx_word' id='word_1_132' title='bbox 1187 1712 1372 1789; x_wconf 64' lang='lat' dir='ltr'><strong>curatum,</strong></span> 
     </span>
     <span class='ocr_line' id='line_1_18' title="bbox 224 1787 1373 1873; baseline 0.001 -18"><span class='ocrx_word' id='word_1_133' title='bbox 224 1787 284 1856; x_wconf 87' lang='lat' dir='ltr'><strong>sed</strong></span> <span class='ocrx_word' id='word_1_134' title='bbox 306 1799 339 1854; x_wconf 89' lang='lat' dir='ltr'><strong>et</strong></span> <span class='ocrx_word' id='word_1_135' title='bbox 361 1789 426 1854; x_wconf 89' lang='lat' dir='ltr'><strong>coti</strong></span> <span class='ocrx_word' id='word_1_136' title='bbox 451 1789 598 1854; x_wconf 85' lang='lat' dir='ltr'><strong>&#39;unarum</strong></span> <span class='ocrx_word' id='word_1_137' title='bbox 619 1787 793 1856; x_wconf 84' lang='lat' dir='ltr'><strong>mulieres³</strong></span> <span class='ocrx_word' id='word_1_138' title='bbox 815 1788 1003 1856; x_wconf 86' lang='lat' dir='ltr'><strong>formarum.</strong></span> <span class='ocrx_word' id='word_1_139' title='bbox 1048 1788 1112 1858; x_wconf 81' lang='lat' dir='ltr'><strong>cui</strong></span> <span class='ocrx_word' id='word_1_140' title='bbox 1134 1788 1223 1856; x_wconf 89' lang='lat' dir='ltr'><strong>idem</strong></span> <span class='ocrx_word' id='word_1_141' title='bbox 1244 1800 1305 1873; x_wconf 86' lang='lat' dir='ltr'><strong>est,</strong></span> <span class='ocrx_word' id='word_1_142' title='bbox 1327 1794 1373 1856; x_wconf 82' lang='lat' dir='ltr'><strong>‘et</strong></span> 
     </span>
     <span class='ocr_line' id='line_1_19' title="bbox 225 1872 1373 1963; baseline 0.001 -23"><span class='ocrx_word' id='word_1_143' title='bbox 225 1872 349 1940; x_wconf 89' lang='lat' dir='ltr'><strong>silicem</strong></span> <span class='ocrx_word' id='word_1_144' title='bbox 371 1872 510 1960; x_wconf 86' lang='lat' dir='ltr'><strong>pedibus</strong></span> <span class='ocrx_word' id='word_1_145' title='bbox 533 1894 618 1962; x_wconf 88' lang='lat' dir='ltr'><strong>quae</strong></span> <span class='ocrx_word' id='word_1_146' title='bbox 640 1883 811 1942; x_wconf 86' lang='lat' dir='ltr'><strong>conterunt</strong></span> <span class='ocrx_word' id='word_1_147' title='bbox 831 1872 978 1959; x_wconf 83' lang='lat' dir='ltr'><strong>atrum’⁴,</strong></span> <span class='ocrx_word' id='word_1_148' title='bbox 1006 1884 1038 1941; x_wconf 91' lang='lat' dir='ltr'><strong>et</strong></span> <span class='ocrx_word' id='word_1_149' title='bbox 1060 1895 1145 1963; x_wconf 88' lang='lat' dir='ltr'><strong>quae</strong></span> <span class='ocrx_word' id='word_1_150' title='bbox 1175 1895 1373 1962; x_wconf 81' lang='lat' dir='ltr'><strong>magnorum</strong></span> 
     </span>
     <span class='ocr_line' id='line_1_20' title="bbox 224 1956 1373 2048; baseline 0.002 -24"><span class='ocrx_word' id='word_1_151' title='bbox 224 1956 452 2025; x_wconf 89' lang='lat' dir='ltr'><strong>subvehuntur</strong></span> <span class='ocrx_word' id='word_1_152' title='bbox 472 1957 635 2025; x_wconf 87' lang='lat' dir='ltr'><strong>adiutorio</strong></span> <span class='ocrx_word' id='word_1_153' title='bbox 655 1959 886 2026; x_wconf 84' lang='lat' dir='ltr'><strong>iumentorum.</strong></span> <span class='ocrx_word' id='word_1_154' title='bbox 929 1958 1040 2048; x_wconf 85' lang='lat' dir='ltr'><strong>Atque</strong></span> <span class='ocrx_word' id='word_1_155' title='bbox 1054 1958 1118 2026; x_wconf 90' lang='lat' dir='ltr'><strong>boc</strong></span> <span class='ocrx_word' id='word_1_156' title='bbox 1132 1960 1181 2027; x_wconf 86' lang='lat' dir='ltr'><strong>rei</strong></span> <span class='ocrx_word' id='word_1_157' title='bbox 1199 1970 1258 2044; x_wconf 87' lang='lat' dir='ltr'><strong>est,</strong></span> <span class='ocrx_word' id='word_1_158' title='bbox 1280 1957 1373 2047; x_wconf 91' lang='lat' dir='ltr'><strong>quod</strong></span> 
     </span>
     <span class='ocr_line' id='line_1_21' title="bbox 224 2042 1351 2148; baseline 0.002 -39"><span class='ocrx_word' id='word_1_159' title='bbox 224 2052 316 2109; x_wconf 87' lang='lat' dir='ltr'><strong>tanta</strong></span> <span class='ocrx_word' id='word_1_160' title='bbox 337 2043 368 2108; x_wconf 91' lang='lat' dir='ltr'><strong>ei</strong></span> <span class='ocrx_word' id='word_1_161' title='bbox 390 2064 466 2108; x_wconf 87' lang='lat' dir='ltr'><strong>cum</strong></span> <span class='ocrx_word' id='word_1_162' title='bbox 487 2043 683 2132; x_wconf 85' lang='lat' dir='ltr'><strong>imperatore</strong></span> <span class='ocrx_word' id='word_1_163' title='bbox 705 2054 819 2111; x_wconf 89' lang='lat' dir='ltr'><strong>saneto</strong></span> <span class='ocrx_word' id='word_1_164' title='bbox 842 2043 1007 2111; x_wconf 82' lang='lat' dir='ltr'><strong>discordia</strong></span> <span class='ocrx_word' id='word_1_165' title='bbox 1027 2055 1087 2127; x_wconf 87' lang='lat' dir='ltr'><strong>est,</strong></span> <span class='ocrx_word' id='word_1_166' title='bbox 1110 2042 1208 2148; x_wconf 86' lang='lat' dir='ltr'><strong>‘lupis</strong></span> <span class='ocrx_word' id='word_1_167' title='bbox 1226 2054 1260 2111; x_wconf 87' lang='lat' dir='ltr'><strong>et</strong></span> <span class='ocrx_word' id='word_1_168' title='bbox 1343 2045 1351 2061; x_wconf 84' lang='lat'><strong><em>&#39;</em></strong></span> 
     </span>
     <span class='ocr_line' id='line_1_22' title="bbox 225 2065 1372 2217; baseline 0.003 -23"><span class='ocrx_word' id='word_1_169' title='bbox 225 2135 349 2217; x_wconf 85' lang='lat' dir='ltr'><strong>quanta</strong></span> <span class='ocrx_word' id='word_1_170' title='bbox 369 2128 484 2195; x_wconf 86' lang='lat' dir='ltr'><strong>sortito</strong></span> <span class='ocrx_word' id='word_1_171' title='bbox 506 2129 632 2217; x_wconf 80' lang='lat' dir='ltr'><strong>optigit</strong></span> <span class='ocrx_word' id='word_1_172' title='bbox 642 2141 665 2193; x_wconf 78' lang='lat'><strong>⁵.</strong></span> <span class='ocrx_word' id='word_1_173' title='bbox 708 2127 761 2196; x_wconf 88' lang='lat' dir='ltr'><strong>Illi</strong></span> <span class='ocrx_word' id='word_1_174' title='bbox 782 2128 863 2196; x_wconf 87' lang='lat' dir='ltr'><strong>haec</strong></span> <span class='ocrx_word' id='word_1_175' title='bbox 885 2139 923 2196; x_wconf 93' lang='lat' dir='ltr'><strong>ut</strong></span> <span class='ocrx_word' id='word_1_176' title='bbox 942 2129 1114 2217; x_wconf 71' lang='lat' dir='ltr'><strong>inpuniteb</strong></span> <span class='ocrx_word' id='word_1_177' title='bbox 1135 2128 1244 2214; x_wconf 88' lang='lat' dir='ltr'><strong>bceat,</strong></span> <span class='ocrx_word' id='word_1_178' title='bbox 1269 2065 1372 2197; x_wconf 45' lang='lat' dir='ltr'><strong>bibl,</strong></span> 
     </span>
     <span class='ocr_line' id='line_1_23' title="bbox 223 2211 1135 2303; baseline 0.001 -22"><span class='ocrx_word' id='word_1_179' title='bbox 223 2223 355 2303; x_wconf 85' lang='lat' dir='ltr'><strong>pertum</strong></span> <span class='ocrx_word' id='word_1_180' title='bbox 376 2211 439 2280; x_wconf 92' lang='lat' dir='ltr'><strong>sibi</strong></span> <span class='ocrx_word' id='word_1_181' title='bbox 459 2223 598 2302; x_wconf 87' lang='lat' dir='ltr'><strong>patrem,</strong></span> <span class='ocrx_word' id='word_1_182' title='bbox 621 2223 773 2297; x_wconf 74' lang='lat' dir='ltr'><strong>nitorem,</strong></span> <span class='ocrx_word' id='word_1_183' title='bbox 796 2212 1001 2282; x_wconf 82' lang='lat' dir='ltr'><strong>defensorem</strong></span> <span class='ocrx_word' id='word_1_184' title='bbox 1021 2217 1135 2303; x_wconf 84' lang='lat' dir='ltr'><strong>parat&#39;.</strong></span> 
     </span>
    </p>

    <p class='ocr_par' dir='ltr' id='par_1_3' title="bbox 223 2313 1371 2663">
     <span class='ocr_line' id='line_1_24' title="bbox 309 2313 1369 2407; baseline 0.004 -24"><span class='ocrx_word' id='word_1_185' title='bbox 309 2315 341 2383; x_wconf 87' lang='grc'><strong>5.</strong></span> <span class='ocrx_word' id='word_1_186' title='bbox 373 2313 467 2383; x_wconf 87' lang='lat' dir='ltr'><strong>Haec</strong></span> <span class='ocrx_word' id='word_1_187' title='bbox 488 2314 570 2383; x_wconf 94' lang='lat' dir='ltr'><strong>dum</strong></span> <span class='ocrx_word' id='word_1_188' title='bbox 590 2339 611 2383; x_wconf 88' lang='lat' dir='ltr'><strong>a</strong></span> <span class='ocrx_word' id='word_1_189' title='bbox 631 2315 844 2385; x_wconf 80' lang='lat' dir='ltr'><strong>redeuntibus</strong></span> <span class='ocrx_word' id='word_1_190' title='bbox 872 2318 995 2384; x_wconf 87' lang='lat' dir='ltr'><strong>nuntiis</strong></span> <span class='ocrx_word' id='word_1_191' title='bbox 1023 2319 1201 2407; x_wconf 83' lang='lat' dir='ltr'><strong>imperator</strong></span> <span class='ocrx_word' id='word_1_192' title='bbox 1220 2316 1369 2387; x_wconf 87' lang='lat' dir='ltr'><strong>audiret:</strong></span> 
     </span>
     <span class='ocr_line' id='line_1_25' title="bbox 224 2399 1370 2487; baseline 0.002 -19"><span class='ocrx_word' id='word_1_193' title='bbox 224 2399 341 2485; x_wconf 87' lang='lat' dir='ltr'><strong>‘Puer’,</strong></span> <span class='ocrx_word' id='word_1_194' title='bbox 373 2400 409 2467; x_wconf 90' lang='lat' dir='ltr'><strong>in</strong></span> <span class='ocrx_word' id='word_1_195' title='bbox 432 2399 501 2485; x_wconf 85' lang='lat' dir='ltr'><strong>uid,</strong></span> <span class='ocrx_word' id='word_1_196' title='bbox 533 2407 603 2484; x_wconf 68' lang='lat' dir='ltr'><strong>‘est</strong></span> <span class='ocrx_word' id='word_1_197' title='bbox 634 2401 731 2470; x_wconf 80' lang='lat' dir='ltr'><strong>facile</strong></span> <span class='ocrx_word' id='word_1_198' title='bbox 759 2401 922 2469; x_wconf 88' lang='lat' dir='ltr'><strong>bonorum</strong></span> <span class='ocrx_word' id='word_1_199' title='bbox 954 2403 1182 2487; x_wconf 77' lang='lat' dir='ltr'><strong>immutabitur</strong></span> <span class='ocrx_word' id='word_1_200' title='bbox 1213 2423 1310 2470; x_wconf 85' lang='lat' dir='ltr'><strong>exem</strong></span> <span class='ocrx_word' id='word_1_201' title='bbox 1334 2400 1370 2470; x_wconf 88' lang='lat' dir='ltr'><strong>lo</strong></span> 
     </span>
     <span class='ocr_line' id='line_1_26' title="bbox 223 2484 1313 2576; baseline 0.001 -23"><span class='ocrx_word' id='word_1_202' title='bbox 223 2487 379 2554; x_wconf 87' lang='lat' dir='ltr'><strong>virorum.</strong></span> <span class='ocrx_word' id='word_1_203' title='bbox 448 2484 571 2575; x_wconf 78' lang='lat' dir='ltr'><strong>perebo</strong></span> <span class='ocrx_word' id='word_1_204' title='bbox 593 2509 670 2554; x_wconf 89' lang='lat' dir='ltr'><strong>eum</strong></span> <span class='ocrx_word' id='word_1_205' title='bbox 690 2487 918 2576; x_wconf 86' lang='lat' dir='ltr'><strong>obiurgatione</strong></span> <span class='ocrx_word' id='word_1_206' title='bbox 938 2485 1085 2570; x_wconf 85' lang='lat' dir='ltr'><strong>honeste,</strong></span> <span class='ocrx_word' id='word_1_207' title='bbox 1115 2487 1266 2556; x_wconf 86' lang='lat' dir='ltr'><strong>suasione</strong></span> <span class='ocrx_word' id='word_1_208' title='bbox 1287 2485 1313 2554; x_wconf 82' lang='lat' dir='ltr'><strong>lr</strong></span> 
     </span>
     <span class='ocr_line' id='line_1_27' title="bbox 223 2568 1371 2663; baseline 0.002 -25"><span class='ocrx_word' id='word_1_209' title='bbox 223 2569 294 2656; x_wconf 89' lang='lat' dir='ltr'><strong>rali,</strong></span> <span class='ocrx_word' id='word_1_210' title='bbox 322 2568 418 2637; x_wconf 84' lang='lat' dir='ltr'><strong>facile</strong></span> <span class='ocrx_word' id='word_1_211' title='bbox 443 2593 488 2638; x_wconf 86' lang='lat' dir='ltr'><strong>ex</strong></span> <span class='ocrx_word' id='word_1_212' title='bbox 507 2570 571 2638; x_wconf 91' lang='lat' dir='ltr'><strong>illis</strong></span> <span class='ocrx_word' id='word_1_213' title='bbox 599 2595 670 2639; x_wconf 87' lang='lat' dir='ltr'><strong>sese</strong></span> <span class='ocrx_word' id='word_1_214' title='bbox 696 2594 898 2640; x_wconf 78' lang='lat' dir='ltr'><strong>emersumm</strong></span> <span class='ocrx_word' id='word_1_215' title='bbox 920 2573 1029 2658; x_wconf 78' lang='lat' dir='ltr'><strong>malis3</strong></span> <span class='ocrx_word' id='word_1_216' title='bbox 1056 2571 1268 2663; x_wconf 75' lang='lat' dir='ltr'><strong>dicemusque</strong></span> <span class='ocrx_word' id='word_1_217' title='bbox 1289 2593 1371 2640; x_wconf 87' lang='lat' dir='ltr'><strong>cum</strong></span> 
     </span>
    </p>

    <p class='ocr_par' dir='ltr' id='par_1_4' title="bbox 65 2653 1370 2999">
     <span class='ocr_line' id='line_1_28' title="bbox 65 2653 1369 2827; baseline 0.003 -20"><span class='ocrx_word' id='word_1_218' title='bbox 65 2691 105 2737; x_wconf 44' lang='grc' dir='ltr'><strong><em>ἡ</em></strong></span> <span class='ocrx_word' id='word_1_219' title='bbox 122 2692 159 2748; x_wconf 63' lang='lat'><strong>⁷⁶2</strong></span> <span class='ocrx_word' id='word_1_220' title='bbox 175 2653 948 2827; x_wconf 55' lang='lat' dir='ltr'><strong>aratiunculas?</strong></span> <span class='ocrx_word' id='word_1_221' title='bbox 975 2657 1120 2808; x_wconf 52' lang='lat' dir='ltr'><strong>mal</strong></span> <span class='ocrx_word' id='word_1_222' title='bbox 1141 2655 1369 2811; x_wconf 57' lang='lat' dir='ltr'><strong>ledus</strong></span> 
     </span>
     <span class='ocr_line' id='line_1_29' title="bbox 222 2762 1369 2917; baseline 0.003 -25"><span class='ocrx_word' id='word_1_223' title='bbox 222 2836 333 2893; x_wconf 88' lang='lat' dir='ltr'><strong>monte</strong></span> <span class='ocrx_word' id='word_1_224' title='bbox 354 2762 566 2894; x_wconf 74' lang='lat' dir='ltr'><strong>Iiesistentem</strong></span> <span class='ocrx_word' id='word_1_225' title='bbox 594 2765 841 2916; x_wconf 72' lang='lat' dir='ltr'><strong>propulsebrus3</strong></span> <span class='ocrx_word' id='word_1_226' title='bbox 869 2763 1109 2917; x_wconf 55' lang='lat' dir='ltr'><strong>deinrebbldma</strong></span> <span class='ocrx_word' id='word_1_227' title='bbox 1135 2826 1369 2896; x_wconf 82' lang='lat' dir='ltr'><strong>abdicatione⁶</strong></span> 
     </span>
     <span class='ocr_line' id='line_1_30' title="bbox 222 2909 1370 2999; baseline 0.003 -22"><span class='ocrx_word' id='word_1_228' title='bbox 222 2909 381 2977; x_wconf 90' lang='lat' dir='ltr'><strong>domnum</strong></span> <span class='ocrx_word' id='word_1_229' title='bbox 401 2932 524 2999; x_wconf 89' lang='lat' dir='ltr'><strong>papam</strong></span> <span class='ocrx_word' id='word_1_230' title='bbox 546 2914 797 2998; x_wconf 79' lang='lat' dir='ltr'><strong>conveniamus3</strong></span> <span class='ocrx_word' id='word_1_231' title='bbox 825 2913 854 2978; x_wconf 90' lang='lat' dir='ltr'><strong>si</strong></span> <span class='ocrx_word' id='word_1_232' title='bbox 875 2932 942 2978; x_wconf 89' lang='lat' dir='ltr'><strong>non</strong></span> <span class='ocrx_word' id='word_1_233' title='bbox 962 2912 1140 2997; x_wconf 85' lang='lat' dir='ltr'><strong>voluntate,</strong></span> <span class='ocrx_word' id='word_1_234' title='bbox 1166 2910 1370 2981; x_wconf 83' lang='lat' dir='ltr'><strong>verecundia</strong></span> 
     </span>
    </p>

    <p class='ocr_par' dir='ltr' id='par_1_5' title="bbox 129 2994 1370 3171">
     <span class='ocr_line' id='line_1_31' title="bbox 129 2994 1370 3087; baseline 0.004 -26"><span class='ocrx_word' id='word_1_235' title='bbox 129 3072 133 3079; x_wconf 24' lang='lat'><strong>¹</strong></span> <span class='ocrx_word' id='word_1_236' title='bbox 223 2994 339 3064; x_wconf 88' lang='lat' dir='ltr'><strong>saltem</strong></span> <span class='ocrx_word' id='word_1_237' title='bbox 358 2997 393 3061; x_wconf 88' lang='lat' dir='ltr'><strong>in</strong></span> <span class='ocrx_word' id='word_1_238' title='bbox 406 2998 516 3062; x_wconf 88' lang='lat' dir='ltr'><strong>virum</strong></span> <span class='ocrx_word' id='word_1_239' title='bbox 534 2998 716 3085; x_wconf 86' lang='lat' dir='ltr'><strong>perfectum</strong></span> <span class='ocrx_word' id='word_1_240' title='bbox 739 3019 810 3065; x_wconf 90' lang='lat' dir='ltr'><strong>sese</strong></span> <span class='ocrx_word' id='word_1_241' title='bbox 834 2997 1059 3067; x_wconf 83' lang='lat' dir='ltr'><strong>commutabit.</strong></span> <span class='ocrx_word' id='word_1_242' title='bbox 1094 2997 1216 3087; x_wconf 87' lang='lat' dir='ltr'><strong>Sicque</strong></span> <span class='ocrx_word' id='word_1_243' title='bbox 1230 2997 1370 3066; x_wconf 84' lang='lat' dir='ltr'><strong>forsitan</strong></span> 
     </span>
     <span class='ocr_line' id='line_1_32' title="bbox 223 3078 1141 3171; baseline 0 -24"><span class='ocrx_word' id='word_1_244' title='bbox 223 3078 384 3166; x_wconf 86' lang='lat' dir='ltr'><strong>devictus,</strong></span> <span class='ocrx_word' id='word_1_245' title='bbox 406 3081 490 3149; x_wconf 90' lang='lat' dir='ltr'><strong>bene</strong></span> <span class='ocrx_word' id='word_1_246' title='bbox 512 3103 726 3150; x_wconf 86' lang='lat' dir='ltr'><strong>consuescere</strong></span> <span class='ocrx_word' id='word_1_247' title='bbox 747 3079 906 3171; x_wconf 68' lang='lat' dir='ltr'><strong>pudebitd</strong></span> <span class='ocrx_word' id='word_1_248' title='bbox 929 3082 1141 3150; x_wconf 88' lang='lat' dir='ltr'><strong>desuescere&#39;.</strong></span> 
     </span>
    </p>

    <p class='ocr_par' dir='ltr' id='par_1_6' title="bbox 223 3183 1428 3446">
     <span class='ocr_line' id='line_1_33' title="bbox 310 3183 1369 3275; baseline 0.003 -25"><span class='ocrx_word' id='word_1_249' title='bbox 310 3184 341 3250; x_wconf 89' lang='grc'><strong>6.</strong></span> <span class='ocrx_word' id='word_1_250' title='bbox 374 3183 478 3252; x_wconf 88' lang='lat' dir='ltr'><strong>Hise</strong></span> <span class='ocrx_word' id='word_1_251' title='bbox 527 3183 610 3269; x_wconf 89' lang='lat' dir='ltr'><strong>letis,</strong></span> <span class='ocrx_word' id='word_1_252' title='bbox 632 3187 755 3274; x_wconf 86' lang='lat' dir='ltr'><strong>Papiae</strong></span> <span class='ocrx_word' id='word_1_253' title='bbox 777 3187 889 3252; x_wconf 87' lang='lat' dir='ltr'><strong>navim</strong></span> <span class='ocrx_word' id='word_1_254' title='bbox 911 3185 1110 3271; x_wconf 82' lang='lat' dir='ltr'><strong>conscendit,</strong></span> <span class='ocrx_word' id='word_1_255' title='bbox 1132 3207 1171 3252; x_wconf 89' lang='lat' dir='ltr'><strong>ac</strong></span> <span class='ocrx_word' id='word_1_256' title='bbox 1193 3208 1254 3275; x_wconf 91' lang='lat' dir='ltr'><strong>per</strong></span> <span class='ocrx_word' id='word_1_257' title='bbox 1270 3183 1369 3254; x_wconf 91' lang='lat' dir='ltr'><strong>Heri·</strong></span> 
     </span>
     <span class='ocr_line' id='line_1_34' title="bbox 223 3207 1370 3372; baseline 0.003 -38"><span class='ocrx_word' id='word_1_258' title='bbox 223 3267 322 3334; x_wconf 82' lang='lat' dir='ltr'><strong>dani·</strong></span> <span class='ocrx_word' id='word_1_259' title='bbox 350 3207 700 3337; x_wconf 60' lang='lat' dir='ltr'><strong>alveumxlinveunam</strong></span> <span class='ocrx_word' id='word_1_260' title='bbox 728 3293 833 3372; x_wconf 88' lang='lat' dir='ltr'><strong>usque</strong></span> <span class='ocrx_word' id='word_1_261' title='bbox 864 3272 1029 3359; x_wconf 77' lang='lat' dir='ltr'><strong>pervenit3</strong></span> <span class='ocrx_word' id='word_1_262' title='bbox 1062 3270 1206 3359; x_wconf 88' lang='lat' dir='ltr'><strong>indeque</strong></span> <span class='ocrx_word' id='word_1_263' title='bbox 1234 3293 1370 3359; x_wconf 79' lang='lat' dir='ltr'><strong>progre-</strong></span> 
     </span>
     <span class='ocr_line' id='line_1_35' title="bbox 223 3352 1428 3446; baseline 0.002 -27"><span class='ocrx_word' id='word_1_264' title='bbox 223 3352 316 3419; x_wconf 92' lang='lat' dir='ltr'><strong>diens</strong></span> <span class='ocrx_word' id='word_1_265' title='bbox 337 3364 482 3422; x_wconf 90' lang='lat' dir='ltr'><strong>montem</strong></span> <span class='ocrx_word' id='word_1_266' title='bbox 496 3353 713 3437; x_wconf 79' lang='lat' dir='ltr'><strong>Feretratum,</strong></span> <span class='ocrx_word' id='word_1_267' title='bbox 736 3378 794 3446; x_wconf 85' lang='lat' dir='ltr'><strong>qur</strong></span> <span class='ocrx_word' id='word_1_268' title='bbox 816 3357 919 3421; x_wconf 88' lang='lat' dir='ltr'><strong>sancti</strong></span> <span class='ocrx_word' id='word_1_269' title='bbox 934 3356 1054 3423; x_wconf 88' lang='lat' dir='ltr'><strong>Leonis</strong></span> <span class='ocrx_word' id='word_1_270' title='bbox 1077 3354 1227 3440; x_wconf 64' lang='lat' dir='ltr'><strong>dicitius,</strong></span> <span class='ocrx_word' id='word_1_271' title='bbox 1249 3357 1285 3422; x_wconf 90' lang='lat' dir='ltr'><strong>in</strong></span> <span class='ocrx_word' id='word_1_272' title='bbox 1301 3377 1368 3445; x_wconf 91' lang='lat' dir='ltr'><strong>quo</strong></span> <span class='ocrx_word' id='word_1_273' title='bbox 1425 3416 1428 3421; x_wconf 85' lang='lat'><strong>.</strong></span> 
     </span>
    </p>

    <p class='ocr_par' dir='ltr' id='par_1_7' title="bbox 156 3436 1370 3785">
     <span class='ocr_line' id='line_1_36' title="bbox 156 3436 1370 3531; baseline 0.003 -28"><span class='ocrx_word' id='word_1_274' title='bbox 156 3436 442 3527; x_wconf 65' lang='lat' dir='ltr'><strong>unBerengarius</strong></span> <span class='ocrx_word' id='word_1_275' title='bbox 464 3448 497 3506; x_wconf 89' lang='lat' dir='ltr'><strong>et</strong></span> <span class='ocrx_word' id='word_1_276' title='bbox 518 3438 619 3508; x_wconf 83' lang='lat' dir='ltr'><strong>erla</strong></span> <span class='ocrx_word' id='word_1_277' title='bbox 641 3451 743 3524; x_wconf 90' lang='lat' dir='ltr'><strong>erant,</strong></span> <span class='ocrx_word' id='word_1_278' title='bbox 771 3438 909 3507; x_wconf 88' lang='lat' dir='ltr'><strong>obsedit.</strong></span> <span class='ocrx_word' id='word_1_279' title='bbox 953 3440 1028 3524; x_wconf 82' lang='lat' dir='ltr'><strong>Quo</strong></span> <span class='ocrx_word' id='word_1_280' title='bbox 1058 3451 1091 3508; x_wconf 88' lang='lat' dir='ltr'><strong>et</strong></span> <span class='ocrx_word' id='word_1_281' title='bbox 1111 3439 1257 3530; x_wconf 86' lang='lat' dir='ltr'><strong>prefatus</strong></span> <span class='ocrx_word' id='word_1_282' title='bbox 1278 3460 1370 3531; x_wconf 78' lang='lat' dir='ltr'><strong>pape</strong></span> 
     </span>
     <span class='ocr_line' id='line_1_37' title="bbox 157 3520 1369 3676; baseline 0.004 -88"><span class='ocrx_word' id='word_1_283' title='bbox 157 3521 212 3624; x_wconf 51' lang='lat'><strong>¹33</strong></span> <span class='ocrx_word' id='word_1_284' title='bbox 221 3520 376 3607; x_wconf 88' lang='lat' dir='ltr'><strong>Leonem,</strong></span> <span class='ocrx_word' id='word_1_285' title='bbox 405 3522 625 3590; x_wconf 85' lang='lat' dir='ltr'><strong>venerabilem</strong></span> <span class='ocrx_word' id='word_1_286' title='bbox 653 3534 785 3591; x_wconf 84' lang='lat' dir='ltr'><strong>sanctae</strong></span> <span class='ocrx_word' id='word_1_287' title='bbox 807 3525 974 3592; x_wconf 84' lang='lat' dir='ltr'><strong>Romanae</strong></span> <span class='ocrx_word' id='word_1_288' title='bbox 997 3525 1135 3593; x_wconf 90' lang='lat' dir='ltr'><strong>eclesiae</strong></span> <span class='ocrx_word' id='word_1_289' title='bbox 1157 3535 1237 3592; x_wconf 88' lang='lat' dir='ltr'><strong>tnnc</strong></span> <span class='ocrx_word' id='word_1_290' title='bbox 1257 3535 1369 3676; x_wconf 78' lang='lat' dir='ltr'><strong>proto·</strong></span> 
     </span>
     <span class='ocr_line' id='line_1_38' title="bbox 221 3607 1368 3692; baseline 0.003 -17"><span class='ocrx_word' id='word_1_291' title='bbox 221 3609 439 3692; x_wconf 84' lang='lat' dir='ltr'><strong>scriniarium,</strong></span> <span class='ocrx_word' id='word_1_292' title='bbox 466 3622 573 3674; x_wconf 78' lang='lat' dir='ltr'><strong>nunc⁷</strong></span> <span class='ocrx_word' id='word_1_293' title='bbox 602 3611 637 3675; x_wconf 91' lang='lat' dir='ltr'><strong>in</strong></span> <span class='ocrx_word' id='word_1_294' title='bbox 663 3608 778 3676; x_wconf 88' lang='lat' dir='ltr'><strong>eadem</strong></span> <span class='ocrx_word' id='word_1_295' title='bbox 807 3607 884 3677; x_wconf 91' lang='lat' dir='ltr'><strong>sede</strong></span> <span class='ocrx_word' id='word_1_296' title='bbox 914 3610 1002 3678; x_wconf 85' lang='lat' dir='ltr'><strong>beati</strong></span> <span class='ocrx_word' id='word_1_297' title='bbox 1027 3611 1117 3678; x_wconf 89' lang='lat' dir='ltr'><strong>Petri</strong></span> <span class='ocrx_word' id='word_1_298' title='bbox 1143 3631 1163 3675; x_wconf 87' lang='lat' dir='ltr'><strong>a</strong></span> <span class='ocrx_word' id='word_1_299' title='bbox 1187 3619 1368 3678; x_wconf 89' lang='lat' dir='ltr'><strong>ostoornm</strong></span> 
     </span>
     <span class='ocr_line' id='line_1_39' title="bbox 222 3692 1369 3785; baseline 0.003 -25"><span class='ocrx_word' id='word_1_300' title='bbox 222 3692 391 3779; x_wconf 84' lang='lat' dir='ltr'><strong>ricarium,</strong></span> <span class='ocrx_word' id='word_1_301' title='bbox 419 3714 548 3779; x_wconf 84' lang='lat' dir='ltr'><strong>necnon</strong></span> <span class='ocrx_word' id='word_1_302' title='bbox 576 3703 609 3760; x_wconf 91' lang='lat' dir='ltr'><strong>et</strong></span> <span class='ocrx_word' id='word_1_303' title='bbox 638 3694 875 3778; x_wconf 86' lang='lat' dir='ltr'><strong>Demetrium⁸,</strong></span> <span class='ocrx_word' id='word_1_304' title='bbox 908 3696 1116 3785; x_wconf 86' lang='lat' dir='ltr'><strong>optimatium</strong></span> <span class='ocrx_word' id='word_1_305' title='bbox 1194 3716 1369 3763; x_wconf 86' lang='lat' dir='ltr'><strong>manorum</strong></span> 
     </span>
    </p>
   </div>
   <div class='ocr_carea' id='block_1_3' title="bbox 221 3853 1369 3914">
    <p class='ocr_par' dir='ltr' id='par_1_8' title="bbox 221 3853 1369 3914">
     <span class='ocr_line' id='line_1_40' title="bbox 221 3853 1369 3914; baseline 0.005 -16"><span class='ocrx_word' id='word_1_306' title='bbox 221 3853 364 3909; x_wconf 73' lang='lat' dir='ltr'><strong>eldlnlnel.</strong></span> <span class='ocrx_word' id='word_1_307' title='bbox 388 3856 571 3912; x_wconf 80' lang='lat' dir='ltr'><strong>b)lnpunitael.</strong></span> <span class='ocrx_word' id='word_1_308' title='bbox 597 3858 999 3904; x_wconf 62' lang='lat' dir='ltr'><strong>ctmnomooneeonscuusmu.</strong></span> <span class='ocrx_word' id='word_1_309' title='bbox 1023 3858 1187 3914; x_wconf 84' lang='lat' dir='ltr'><strong>d)pudeblsl.-</strong></span> <span class='ocrx_word' id='word_1_310' title='bbox 1201 3858 1369 3913; x_wconf 73' lang='lat' dir='ltr'><strong>e)bcrld⁸rll.</strong></span> 
     </span>
    </p>
   </div>
   <div class='ocr_carea' id='block_1_4' title="bbox 220 3990 1368 4357">
    <p class='ocr_par' dir='ltr' id='par_1_9' title="bbox 220 3990 1368 4357">
     <span class='ocr_line' id='line_1_41' title="bbox 222 3990 1367 4065; baseline 0.007 -23"><span class='ocrx_word' id='word_1_311' title='bbox 222 3990 251 4056; x_wconf 86' lang='lat'><strong>1)</strong></span> <span class='ocrx_word' id='word_1_312' title='bbox 270 3992 378 4044; x_wconf 82' lang='lat' dir='ltr'><strong>Amitae</strong></span> <span class='ocrx_word' id='word_1_313' title='bbox 404 3992 542 4046; x_wconf 86' lang='lat' dir='ltr'><strong>vocabulo</strong></span> <span class='ocrx_word' id='word_1_314' title='bbox 568 3992 696 4062; x_wconf 76' lang='lat' dir='ltr'><strong>designat</strong></span> <span class='ocrx_word' id='word_1_315' title='bbox 721 3997 807 4065; x_wconf 80' lang='lat' dir='ltr'><strong>patris</strong></span> <span class='ocrx_word' id='word_1_316' title='bbox 828 3996 1010 4048; x_wconf 79' lang='lat' dir='ltr'><strong>concubinam</strong></span> <span class='ocrx_word' id='word_1_317' title='bbox 1031 3994 1067 4048; x_wconf 81' lang='lat' dir='ltr'><strong>cf.</strong></span> <span class='ocrx_word' id='word_1_318' title='bbox 1088 4010 1112 4048; x_wconf 89' lang='lat' dir='ltr'><strong>c.</strong></span> <span class='ocrx_word' id='word_1_319' title='bbox 1135 3995 1179 4048; x_wconf 86' lang='lat'><strong>10.</strong></span> <span class='ocrx_word' id='word_1_320' title='bbox 1254 3991 1283 4062; x_wconf 72' lang='lat'><strong>2)</strong></span> <span class='ocrx_word' id='word_1_321' title='bbox 1302 3994 1367 4050; x_wconf 76' lang='lat' dir='ltr'><strong>Ter.</strong></span> 
     </span>
     <span class='ocr_line' id='line_1_42' title="bbox 220 4064 1368 4136; baseline 0.006 -19"><span class='ocrx_word' id='word_1_322' title='bbox 220 4064 290 4118; x_wconf 74' lang='lat' dir='ltr'><strong>Eun.</strong></span> <span class='ocrx_word' id='word_1_323' title='bbox 305 4065 343 4131; x_wconf 90' lang='lat'><strong>11,</strong></span> <span class='ocrx_word' id='word_1_324' title='bbox 363 4066 389 4132; x_wconf 82' lang='grc'><strong>3,</strong></span> <span class='ocrx_word' id='word_1_325' title='bbox 409 4065 460 4117; x_wconf 78' lang='lat'><strong>25:</strong></span> <span class='ocrx_word' id='word_1_326' title='bbox 481 4065 600 4120; x_wconf 85' lang='lat' dir='ltr'><strong>reddunt</strong></span> <span class='ocrx_word' id='word_1_327' title='bbox 620 4075 746 4123; x_wconf 81' lang='lat' dir='ltr'><strong>curatura</strong></span> <span class='ocrx_word' id='word_1_328' title='bbox 765 4071 901 4122; x_wconf 80' lang='lat' dir='ltr'><strong>iunceam.</strong></span> <span class='ocrx_word' id='word_1_329' title='bbox 958 4068 989 4136; x_wconf 82' lang='grc'><strong>3)</strong></span> <span class='ocrx_word' id='word_1_330' title='bbox 1002 4071 1020 4123; x_wconf 90' lang='lat' dir='ltr'><strong>i.</strong></span> <span class='ocrx_word' id='word_1_331' title='bbox 1035 4085 1060 4124; x_wconf 86' lang='lat' dir='ltr'><strong>e.</strong></span> <span class='ocrx_word' id='word_1_332' title='bbox 1073 4084 1128 4122; x_wconf 88' lang='lat' dir='ltr'><strong>non</strong></span> <span class='ocrx_word' id='word_1_333' title='bbox 1141 4067 1229 4122; x_wconf 86' lang='lat' dir='ltr'><strong>solnm</strong></span> <span class='ocrx_word' id='word_1_334' title='bbox 1245 4067 1368 4124; x_wconf 72' lang='lat' dir='ltr'><strong>ancillae</strong></span> 
     </span>
     <span class='ocr_line' id='line_1_43' title="bbox 221 4137 1367 4211; baseline 0.006 -21"><span class='ocrx_word' id='word_1_335' title='bbox 221 4137 271 4191; x_wconf 86' lang='lat' dir='ltr'><strong>sed</strong></span> <span class='ocrx_word' id='word_1_336' title='bbox 291 4146 319 4191; x_wconf 88' lang='lat' dir='ltr'><strong>et</strong></span> <span class='ocrx_word' id='word_1_337' title='bbox 337 4142 497 4195; x_wconf 84' lang='lat' dir='ltr'><strong>meretrices</strong></span> <span class='ocrx_word' id='word_1_338' title='bbox 521 4141 659 4211; x_wconf 85' lang='lat' dir='ltr'><strong>publicae.</strong></span> <span class='ocrx_word' id='word_1_339' title='bbox 734 4142 765 4207; x_wconf 84' lang='lat'><strong>4)</strong></span> <span class='ocrx_word' id='word_1_340' title='bbox 786 4143 911 4198; x_wconf 84' lang='lat' dir='ltr'><strong>Inrensl.</strong></span> <span class='ocrx_word' id='word_1_341' title='bbox 931 4144 990 4198; x_wconf 80' lang='lat' dir='ltr'><strong>Sat.</strong></span> <span class='ocrx_word' id='word_1_342' title='bbox 1010 4143 1142 4207; x_wconf 74' lang='lat' dir='ltr'><strong>V1,350.</strong></span> <span class='ocrx_word' id='word_1_343' title='bbox 1217 4141 1249 4210; x_wconf 78' lang='lat' dir='ltr'><strong>b)</strong></span> <span class='ocrx_word' id='word_1_344' title='bbox 1267 4142 1367 4199; x_wconf 74' lang='lat' dir='ltr'><strong>Horat.</strong></span> 
     </span>
     <span class='ocr_line' id='line_1_44' title="bbox 220 4212 1368 4286; baseline 0.008 -23"><span class='ocrx_word' id='word_1_345' title='bbox 220 4212 310 4280; x_wconf 80' lang='lat' dir='ltr'><strong>Epod.</strong></span> <span class='ocrx_word' id='word_1_346' title='bbox 332 4215 358 4278; x_wconf 83' lang='lat'><strong>4,</strong></span> <span class='ocrx_word' id='word_1_347' title='bbox 379 4216 405 4267; x_wconf 84' lang='lat'><strong>1.</strong></span> <span class='ocrx_word' id='word_1_348' title='bbox 463 4214 490 4283; x_wconf 88' lang='grc'><strong>6)</strong></span> <span class='ocrx_word' id='word_1_349' title='bbox 512 4216 540 4269; x_wconf 88' lang='lat' dir='ltr'><strong>S.</strong></span> <span class='ocrx_word' id='word_1_350' title='bbox 559 4216 617 4268; x_wconf 87' lang='lat' dir='ltr'><strong>Leo</strong></span> <span class='ocrx_word' id='word_1_351' title='bbox 637 4233 721 4286; x_wconf 83' lang='lat' dir='ltr'><strong>prope</strong></span> <span class='ocrx_word' id='word_1_352' title='bbox 742 4218 771 4271; x_wconf 77' lang='lat' dir='ltr'><strong>S.</strong></span> <span class='ocrx_word' id='word_1_353' title='bbox 790 4219 907 4272; x_wconf 81' lang='lat' dir='ltr'><strong>Marino.</strong></span> <span class='ocrx_word' id='word_1_354' title='bbox 965 4217 995 4286; x_wconf 77' lang='lat' dir='ltr'><strong>l)</strong></span> <span class='ocrx_word' id='word_1_355' title='bbox 1016 4217 1094 4272; x_wconf 84' lang='lat' dir='ltr'><strong>Sedit</strong></span> <span class='ocrx_word' id='word_1_356' title='bbox 1113 4233 1138 4271; x_wconf 83' lang='lat' dir='ltr'><strong>a.</strong></span> <span class='ocrx_word' id='word_1_357' title='bbox 1158 4215 1223 4272; x_wconf 77' lang='grc'><strong>969.</strong></span> <span class='ocrx_word' id='word_1_358' title='bbox 1244 4218 1316 4272; x_wconf 83' lang='lat' dir='ltr'><strong>Dec.</strong></span> <span class='ocrx_word' id='word_1_359' title='bbox 1330 4242 1368 4259; x_wconf 89' lang='lat'><strong>···</strong></span> 
     </span>
     <span class='ocr_line' id='line_1_45' title="bbox 221 4285 766 4357; baseline 0.015 -21"><span class='ocrx_word' id='word_1_360' title='bbox 221 4285 286 4340; x_wconf 75' lang='lat'><strong>966.</strong></span> <span class='ocrx_word' id='word_1_361' title='bbox 306 4288 382 4342; x_wconf 83' lang='lat' dir='ltr'><strong>Mart.</strong></span> <span class='ocrx_word' id='word_1_362' title='bbox 459 4289 489 4357; x_wconf 84' lang='lat'><strong>8)</strong></span> <span class='ocrx_word' id='word_1_363' title='bbox 509 4290 618 4343; x_wconf 85' lang='lat' dir='ltr'><strong>Meliosi</strong></span> <span class='ocrx_word' id='word_1_364' title='bbox 642 4292 675 4345; x_wconf 80' lang='lat' dir='ltr'><strong>ci.</strong></span> <span class='ocrx_word' id='word_1_365' title='bbox 696 4308 719 4344; x_wconf 90' lang='lat' dir='ltr'><strong>c.</strong></span> <span class='ocrx_word' id='word_1_366' title='bbox 740 4292 766 4345; x_wconf 88' lang='grc'><strong>9.</strong></span> 
     </span>
    </p>
   </div>
   <div class='ocr_carea' id='block_1_5' title="bbox 0 0 1470 4718">
    <p class='ocr_par' dir='ltr' id='par_1_10' title="bbox 0 0 1470 4718">
     <span class='ocr_line' id='line_1_46' title="bbox 0 0 1470 4718; baseline 0 1"><span class='ocrx_word' id='word_1_367' title='bbox 0 0 1470 4718; x_wconf 95' lang='lat' dir='ltr'><strong> </strong></span> 
     </span>
    </p>
   </div>
  </div>
 </body>
</html>
