2932 4718
192 213 195 220 ’
238 223 279 274 VI
599 220 807 276 PRAEFATIO
826 220 1012 277 EDITORIS.

235 393 387 479 parauit,
411 413 510 477 quarn
534 400 562 456 et
584 393 622 456 in
644 392 779 477 scriptis
800 393 883 470 suis,
905 390 1013 456 uerbis
1036 401 1064 455 et
1084 393 1254 458 sententiis
1271 390 1377 457 Grae·

240 477 289 543 cis
310 479 450 563 integris
473 477 608 541 insertis
632 485 729 561 atque
752 475 886 540 dicendi
908 497 1025 576 ponere
1052 477 1146 562 opud
1167 477 1380 565 Byzantinos

240 562 364 626 usitato
376 561 506 647 florido
528 570 558 626 et
578 559 727 640 verboso,
757 568 940 642 ostentauit,
967 569 996 624 et
1017 561 1055 625 in
1077 563 1219 648 nepotiis
1247 561 1377 628 Ottonis

156 680 161 691 ·
240 646 452 731 imperatoris
481 644 638 732 perendie
667 643 780 710 utilem
809 644 874 709 sibi
897 653 1017 730 postea
1045 655 1199 731 copertus
1226 656 1282 711 est.
1336 646 1377 711 In

234 733 388 817 patriam
408 730 518 794 radun
532 729 737 830 Berenparii
750 738 779 795 et
799 727 924 810 Willae,
946 730 1107 794 incertum
1121 752 1191 832 pua
1205 730 1244 795 dc
1260 753 1377 812 causa,

242 814 355 880 odium
376 814 544 880 uehemens
565 815 722 895 incurrat,
752 822 848 901 atque
864 835 932 962 pro
954 812 1033 878 bene
1054 824 1154 901 pestes
1174 813 1259 880 male
1281 815 1376 882 habi-

241 909 309 980 tus,
339 897 443 964 Italia
472 897 589 965 relicta
616 898 663 963 ad
695 897 841 964 Ottonem
883 944 891 960 .
917 920 1026 986 repom
1052 898 1214 986 confugit.
1247 899 1291 964 Ἀ
1313 923 1378 987 quo

240 991 421 1069 susceptus,
451 980 635 1068 complures
657 1005 765 1048 annos
786 983 824 1047 in
846 981 946 1048 eutlio
992 985 1104 1070 erepit,
1130 986 1227 1072 cuius
1250 1006 1380 1049 aerum-

240 1091 305 1133 nas
331 1077 441 1133 tumen
472 1069 652 1155 oeperrime
681 1089 900 1153 nonunquam
929 1005 1036 1149 tulitl,
1065 1069 1116 1133 ita
1143 1078 1180 1132 ut
1201 1068 1287 1135 nibil
1308 1071 1379 1134 iam

240 1150 324 1219 mali
354 1161 491 1239 praeter
522 1161 655 1218 mortem
688 1161 748 1216 aut
778 1151 992 1217 mannum
1025 1151 1281 1218 debilitationem
1313 1152 1380 1219 sibi

240 1237 391 1302 relictum
409 1259 486 1318 esse,
511 1238 622 1301 omnia
637 1257 712 1300 uero
728 1234 815 1301 bona
830 1258 846 1300 s
871 1235 1003 1301 ernado
1018 1237 1092 1319 sibi,
1115 1248 1379 1324 conquereretur.

243 1318 486 1387 Germanorum
508 1330 585 1386 tune
607 1317 761 1407 linquam
788 1259 916 1401 tiliae,
945 1323 1085 1408 nepotiis
1107 1323 1243 1407 imperii
1264 1325 1301 1387 in
1325 1344 1379 1386 eu-

236 1406 416 1492 peditione·
439 1405 559 1471 Italica
592 1405 747 1492 odendis
780 1404 1003 1471 utilissimam.
1054 1405 1096 1470 In
1130 1403 1211 1471 aula
1250 1404 1379 1472 Ottonis

242 1513 315 1556 uere
345 1493 431 1555 anni
460 1488 522 1556 956
542 1487 774 1574 familiariter
800 1491 831 1555 ei
858 1491 1040 1556 intercessit
1069 1513 1142 1556 eum
1169 1490 1380 1557 Recemundo

241 1575 395 1675 episcopo
417 1573 636 1654 Illiberituno,
663 1572 948 1639 Abderalsamenis
972 1575 1064 1661 repis
1090 1574 1214 1661 leonto,
1242 1576 1301 1661 qui
1321 1575 1380 1641 Fe-

242 1658 381 1724 bruareo
409 1668 439 1725 et
464 1659 590 1723 Martio
623 1681 730 1724 mense
761 1658 981 1745 Fruneofurti
1012 1668 1193 1739 moratus²,
1220 1658 1380 1743 precibus

241 1744 323 1825 suis,
346 1753 384 1807 ut
397 1742 646 1828 Liudprandns
668 1742 707 1807 de
728 1743 825 1809 rebus
846 1747 901 1808 sui
922 1746 1078 1828 temporie
1093 1743 1274 1808 scribendis
1290 1746 1379 1831 coyi·

242 1837 336 1910 taret,
360 1837 528 1893 assecutus
551 1836 626 1893 est³.
664 1825 731 1893 Sed
749 1830 886 1894 nonnisi
899 1827 1032 1893 biennio
1042 1838 1130 1914 post,
1154 1828 1291 1912 ideoque
1306 1851 1381 1892 oere

244 1914 330 1978 unni
341 1911 414 1996 958,
426 1923 537 1977 noster
548 1910 925 1998 Francofurtipositus⁴
936 1912 1185 1998 Antapodoseos
1196 1912 1382 1978 sioeRetri-

243 1996 389 2063 butionis
405 2019 496 2078 suae,
520 2020 588 2084 qua
605 1996 729 2062 scilicet
744 2000 861 2063 amicis
876 1996 973 2080 bona,
989 1997 1198 2097 Berenpario
1214 2006 1243 2062 et
1263 1995 1380 2063 Willae

242 2080 333 2146 mala
344 2082 409 2147 sibi
419 2080 518 2147 illata
525 2080 728 2163 retribueret,
737 2081 930 2146 scribendae
940 2084 1075 2149 initium
1077 2084 1174 2168 jecit,
1182 2105 1284 2168 neusse
1296 2104 1382 2167 opus

242 2189 311 2231 uno
323 2163 452 2231 adamo
463 2170 581 2252 eueyit.
595 2165 729 2231 Priores
741 2174 805 2230 tres
816 2164 905 2247 libri,
917 2166 1034 2252 quibus
1047 2191 1068 2231 o
1076 2168 1288 2251 pravissimis
1296 2169 1381 2233 uiris

244 2251 364 2315 auditu
386 2273 419 2316 se
440 2250 565 2337 refeme
587 2251 678 2330 dicit,
700 2250 876 2315 bistorium
902 2251 981 2315 inde
1002 2250 1042 2315 ab
1065 2249 1154 2315 obitu
1180 2250 1293 2317 Caroli
1314 2251 1380 2316 ΙΙΙ.

243 2357 336 2401 anno
358 2333 420 2401 888
446 2358 549 2423 usque
577 2335 623 2400 ad
650 2335 786 2399 initium
814 2336 900 2400 anni
920 2333 981 2399 931
1000 2336 1212 2434 perducunt;
1239 2358 1381 2421 quorum

244 2420 375 2506 quidem
390 2420 541 2505 primm
555 2418 775 2504 Francofurti
796 2441 887 2483 anno
909 2418 972 2483 958
994 2421 1127 2504 incepit,
1149 2419 1329 2484 seeundum
1351 2430 1385 2483 et-

243 2507 397 2569 tertium⁵
434 2526 536 2591 aeque
572 2512 648 2568 ante
688 2501 901 2572 Constantini
936 2503 1218 2591 Porphyroyeniti
1257 2504 1379 2569 obitum

245 2611 334 2654 anno
357 2587 436 2671 959,
466 2596 494 2651 et
523 2589 673 2653 tertium⁶
702 2591 740 2653 in
765 2589 1039 2675 perepmnatione
1065 2589 1197 2673 positus
1225 2590 1262 2653 in
1283 2588 1380 2654 Pareo

243 2671 378 2738 istiuas
402 2693 582 2760 oppressus
604 2680 660 2736 est.
704 2671 841 2738 librum
863 2682 1018 2759 quonum
1035 2671 1246 2758 Berenpario
1268 2673 1380 2738 adbuc

243 2760 426 2823 saeuiente⁸
454 2757 590 2842 ideoque
624 2765 700 2820 ante
728 2779 856 2821 annum
888 2755 949 2820 961
982 2758 1194 2842 conscripsit,
1228 2757 1381 2822 ultimum

242 2843 322 2909 libri
349 2843 459 2929 quinti
484 2851 587 2926 caput
613 2864 686 2905 una
712 2864 785 2906 cum
813 2840 896 2906 libro
919 2849 1008 2905 seato
1037 2840 1151 2906 Ottone
1173 2844 1380 2926 imperante⁰

245 2967 274 3038 1)
293 2969 334 3021 VI
353 2985 378 3022 c.
399 2969 425 3024 1.
464 2966 509 3040 Ι2)
530 2969 594 3020 Vita
613 2967 743 3019 Iohannis
764 2966 918 3020 Goruiensis
938 2983 962 3020 c.
984 2967 1037 3018 130
1056 2966 1119 3034 (SS.
1138 2965 1187 3029 IV,
1212 2964 1288 3032 376).
1326 2967 1380 3018 Re·

244 3042 394 3096 osmundus
413 3049 509 3111 postea
529 3057 622 3094 mense
637 3042 717 3093 Iunio
731 3039 885 3093 Cordubam
906 3043 991 3104 oenit3
1012 3047 1075 3093 tunc
1089 3040 1298 3093 Abdernhamnn
1319 3056 1381 3092 cum

243 3118 366 3171 Iohanne
386 3117 547 3180 Goniensi,
570 3117 677 3169 Ottonis
696 3115 797 3182 legato,
818 3114 851 3166 de
872 3115 1026 3167 deiectione
1047 3114 1166 3167 Conradi
1186 3116 1232 3181 qui
1251 3113 1381 3165 Lindolt'o

243 3191 358 3246 seducto
372 3191 496 3258 Ungaros
517 3207 564 3258 per
583 3189 675 3241 media
693 3204 779 3254 regna
799 3188 1008 3256 depopulaturos
1023 3188 1146 3252 duxerat,
1166 3187 1326 3250 collocutus,
1347 3204 1380 3239 aa

244 3272 274 3318 ut
291 3281 363 3316 nunc
382 3272 445 3317 acta
464 3264 631 3326 memoravit,
649 3263 713 3315 ideo
733 3263 936 3314 Recemundum
956 3264 1045 3330 potius
1065 3278 1135 3314 anno
1155 3261 1209 3312 966
1230 3277 1310 3328 quam
1326 3261 1380 3311 966

245 3338 371 3392 Conrado
391 3340 445 3390 iam
465 3338 593 3390 defuncto
612 3352 749 3389 reversum
775 3336 857 3388 fuisse
878 3335 1042 3399 crediderim
1067 3336 1117 3389 sed
1143 3351 1204 3387 oum
1230 3333 1382 3403 diplomata

171 3468 174 3474 ,
245 3414 373 3467 Otium
393 3414 470 3464 annis
483 3412 537 3462 966
555 3417 582 3462 et
595 3410 651 3461 958
669 3410 841 3462 Francolurti
861 3416 888 3461 at
907 3411 934 3461 in
953 3411 1055 3461 vicinia
1074 3415 1207 3462 moramm
1226 3405 1382 3468 ostendant,

246 3493 273 3539 et
292 3485 484 3553 Liudprandus
503 3484 582 3536 aulae
602 3486 695 3551 regiae
718 3484 868 3535 inhaesisse
894 3483 1028 3546 videatur,
1054 3497 1138 3536 annos
1159 3499 1205 3535 eos
1225 3482 1380 3549 praeposui.

245 3559 333 3626 3)1ta
352 3561 407 3611 iam
419 3560 609 3611 Henschsnius
629 3559 782 3625 suspicatus
803 3563 912 3624 propter
937 3559 1061 3609 vitiosam
1083 3557 1214 3610 editorum
1232 3555 1381 3607 lectionem

243 3633 400 3686 Baimrntdo
420 3649 476 3685 rom
497 3634 631 3685 conficere
650 3633 784 3699 nequivit·
814 3631 885 3683 Tota
898 3631 1081 3700 Antapodosis
1094 3629 1269 3682 Reoemundo
1290 3629 1382 3680 dicata

245 3714 294 3770 est,
314 3714 344 3760 ut
362 3708 545 3776 praefationes
565 3706 694 3758 librorum
715 3713 742 3756 et
761 3704 938 3757 allocutiones
957 3713 1041 3772 pater
1064 3705 1124 3774 eyia
1143 3704 1182 3756 Ν
1203 3719 1225 3754 a.
1249 3703 1274 3766 6,
1296 3710 1383 3768 pater

245 3781 462 3921 bbrellleolvlssi·
486 3779 764 3920 mliielsilndirlief·
788 3779 926 3918 9919ἶωί
952 3779 1059 3904 indiis
1086 3775 1381 3917 ignoraiirilloriisii

245 3930 411 3983 Graecorum
431 3929 534 3981 mimos
554 3928 589 3979 de
608 3926 718 3978 loedere
739 3931 833 3978 contra
852 3927 1048 3993 Borangarlum
1073 3924 1182 3976 iciendo
1202 3929 1382 3991 temptaturus

244 4003 279 4055 ah
294 4005 394 4056 Ottone
407 4004 505 4056 missus
519 4009 584 4064 erat,
599 4000 648 4054 aad
662 3999 924 4067 constantinopolim
937 3999 1010 4052 haud
1023 3999 1155 4069 pervenit.
1227 3996 1256 4061 8)
1267 3997 1307 4048 IV
1318 4012 1343 4048 c.
1355 3997 1381 4048 7.

245 4074 275 4143 9)
295 4077 335 4129 VI
355 4080 381 4142 l,
411 4075 514 4129 domim
531 4075 618 4128 nostri
637 4083 700 4127 tunc
718 4075 797 4143 repis,
822 4091 895 4126 nunc
914 4071 1092 4141 imperatoris,
1117 4070 1258 4130 nuntium
1284 4069 1381 4122 eodem

245 4154 368 4218 tempore
388 4157 471 4221 eaput
488 4149 612 4203 ultimum
631 4149 694 4200 libri
719 4148 808 4216 quinti
833 4153 973 4201 exaratum
1000 4162 1068 4211 esse,
1096 4145 1183 4197 codex
1209 4144 1380 4197 authenticus

245 4224 372 4278 ostendit
