2932 4718
194 257 247 310 124
398 255 631 310 LIUDPRANDI
651 253 828 310 HISTORIA
848 251 1015 308 O'I'I‘ONIS.
1057 251 1138 303 1-2.

82 443 579 558 remunerarer
596 466 775 554 nmen
792 467 874 553 ns
893 428 1083 554 aneos
1105 461 1317 553 essere

397 617 597 728 encoma
618 631 1135 702 remuneratores

37 813 39 816 -
141 782 201 839 (t).
280 779 309 844 1.
340 774 600 865 Regnantibusl,
632 776 732 843 immo
765 774 1000 860 saevientibus,
1032 775 1069 842 in
1099 773 1210 861 Italia,
1238 785 1272 844 et
1301 785 1343 844 nt

13 869 16 876 ’
128 845 303 930 ⁹³⁰·vsrius
322 860 487 929 fateamur
507 859 714 949 tyrannidem
740 859 980 944 exercentibus,
1006 860 1209 950 Bere'ngario
1236 869 1350 952 atque·

191 945 382 1031 Adalberto,
404 945 567 1014 Iohannes
595 967 742 1012 summus
770 946 920 1034 pontifex
946 955 979 1013 et
1004 943 1198 1013 universalis
1200 959 1340 1100 dpalpppp1

193 1033 291 1100 cuius
301 1042 380 1099 tunc
394 1031 554 1100 aecclesia
567 1030 829 1119 supradictorum
844 1031 1037 1119 Berengarii
1054 1039 1153 1121 atque
1167 1030 1200 1098 A
1222 1029 1255 1097 al
1328 1033 1336 1050 ⁶

194 1118 344 1186 sevitiam
365 1126 435 1185 erat
456 1127 602 1206 experta,
623 1117 755 1183 nendos
777 1127 910 1184 sanctae
932 1115 1101 1184 Romanae
1127 1115 1341 1202 aecclesiae&

192 1201 374 1271 Iohannem
394 1200 550 1270 videlicet
571 1199 768 1268 cardinalem
790 1201 970 1286 diaconem,
1000 1212 1032 1269 et
1052 1201 1203 1269 Aeonem
1224 1203 1342 1270 serini·-

193 1288 308 1373 urium,
331 1287 538 1355 serenissimo
567 1297 664 1376 atque
686 1287 835 1376 piissimo
856 1297 936 1354 tunc
965 1288 1047 1375 regi,
1077 1309 1166 1354 nunc
1196 1297 1338 1390 augusto

194 1375 308 1458 cesari,
336 1372 450 1440 Ottoni
473 1370 658 1455 destinavit,
685 1371 880 1462 suppliciter
902 1369 1018 1440 litteris
1045 1383 1078 1441 et
1102 1394 1212 1440 rerum
1233 1373 1370 1462 signis⁸

194 1480 307 1542 orans,
334 1459 487 1547 quatinus
518 1456 572 1525 dei
591 1479 661 1610 pro
691 1478 808 1525 amore
831 1466 1085 1560 sanctorumque
1115 1457 1340 1547 apostolorum
1422 1498 1425 1503 ·

153 1552 156 1559 “
192 1544 284 1612 Petri
304 1552 338 1612 et
358 1542 463 1628 Pauli,
486 1565 569 1634 ques
614 1541 785 1610 elicterum
807 1564 940 1610 suorum
962 1553 1111 1633 eupsetet
1131 1566 1204 1612 esse
1225 1545 1342 1612 remis·

193 1650 295 1714 sores,
317 1650 352 1696 se
374 1628 502 1718 sibique
524 1629 732 1695 commissam
755 1639 900 1696 sanctam
923 1627 1106 1695 Romanam
1128 1628 1279 1697 eclesiam
1294 1651 1339 1698 ex

193 1735 307 1781 eorum
327 1711 479 1780 faucibus
498 1712 660 1797 liberaret,
682 1736 722 1780 ac
745 1711 841 1780 saluti
863 1724 896 1780 et
916 1710 1061 1781 libertati
1074 1714 1231 1803 pristinae
1245 1715 1340 1782 resti·
1420 1745 1423 1750 ·

192 1808 298 1866 tuerat
308 1809 329 1864 ².
374 1799 468 1865 Haec
490 1798 569 1865 dum
590 1799 730 1866 Romani
756 1800 863 1866 nuntii
885 1807 1138 1900 conqueruntur,
1167 1799 1221 1866 vir
1240 1821 1340 1868 vene·

88 1965 92 1972 ι
192 1882 305 1952 rabilis
334 1883 562 1972 Waldpertus,
588 1896 720 1951 sanetae
740 1882 994 1952 Mediolanensrs
1017 1882 1154 1951 eclesiae
1178 1883 1339 1974 archiepi-

194 1981 346 2058 scopus³,
381 1969 559 2055 semivivus
587 1991 630 2035 ex
651 1967 874 2056 predictorum
902 1966 1002 2035 rabie*
1015 1968 1209 2058 Berengarii
1236 1979 1341 2059 atque·

145 2055 154 2066 '
193 2052 364 2122 Adelberti
393 2053 558 2136 liberatus,
591 2054 742 2143 superius
771 2054 941 2120 memorati
968 2053 1108 2139 Ottonis,
1140 2067 1220 2122 tunc
1248 2057 1341 2144 regis

191 2160 280 2206 nune
302 2141 423 2207 cesaris
444 2139 585 2226 augusti,
607 2139 787 2226 potentiam
809 2137 874 2205 adii
920 2139 1079 2223 indicans,
1102 2162 1137 2208 se
1157 2162 1225 2208 non
1265 2163 1339 2208 osse

138 2310 139 2313 Ἴ
192 2223 277 2291 ferre
303 2233 336 2291 et
361 2225 430 2314 pati
458 2223 649 2310 Berengarii
678 2235 776 2311 atque
803 2221 888 2290 Adel
930 2225 974 2290 rti
1001 2246 1132 2292 necnon
1158 2236 1191 2293 et
1261 2223 1338 2294 illae

194 2310 374 2393 saevidmn,
429 2329 493 2376 uae
520 2308 718 2376 Mannassen
747 2307 972 2377 Arelatensern
1001 2311 1195 2400 episcopum
1224 2321 1341 2378 comma

192 2395 246 2461 ins
266 2393 383 2484 &sque
441 2392 640 2463 ediolanensi
668 2393 738 2461 sedi
766 2394 958 2481 prefecerat.
1000 2394 1122 2463 Aiebat
1143 2418 1231 2482 sanc,
1252 2395 1342 2463 hanc

194 2477 331 2559 eclesiae
353 2501 432 2546 suae
454 2501 526 2546 esse
541 2479 767 2560 calamitatem,
791 2501 885 2630 puae,
907 2478 996 2569 quod
1011 2503 1046 2548 se
1061 2502 1203 2571 suosque
1220 2503 1341 2633 calpere

1319 2587 1341 2632 c

195 2574 368 2653 oporteret,
380 2561 607 2654 'interciperet
653 2563 721 2631 Sed
734 2562 800 2630 Wa
812 2563 855 2631 do
871 2563 1039 2632 Cumanus
1061 2566 1151 2656 episc
1272 2589 1318 2633 un

218 2653 282 2717 one
305 2659 355 2716 est
375 2659 516 2733 secutus,
541 2671 608 2716 non
629 2649 793 2737 disparem
814 2671 835 2714 a
856 2650 940 2717 Bere
1026 2652 1066 2735 'o,
1094 2588 1276 2741 Addipldlto
1305 2660 1342 2719 et

240 2733 304 2818 illa,
328 2756 427 2824 quam
449 2733 671 2824 Waldpertus,
694 2732 923 2801 contumeliam
942 2737 1112 2803 camitans
1127 2759 1162 2803 se
1177 2759 1248 2804 esse
1262 2759 1341 2825 per·

194 2832 358 2908 pessume
403 2819 570 2886 Venerant
602 2831 635 2886 et
665 2818 812 2885 nonnulli
845 2818 977 2887 alterius
1011 2820 1134 2888 ordinis
1168 2844 1211 2890 ex
1242 2819 1340 2889 Italia

194 2905 269 2988 viri,
299 2927 381 2994 quos
410 2905 496 2971 inter
521 2902 655 2970 illustris
681 2904 826 2971 marchio
849 2903 1026 2972 Otbertus³
1049 2928 1125 2972 cum
1147 2906 1337 2997 apostolicis

195 2999 383 3056 cucurrerat
413 2989 545 3074 nuntiis,
578 3010 598 3055 a
625 2991 830 3056 sanctissimo
860 2989 996 3073 Ottone,
1028 3001 1108 3058 tunc
1136 3014 1215 3081 rege
1249 3011 1340 3058 nunc

194 3085 334 3164 augusto
358 3097 479 3158 cesare,
502 3074 683 3158 renalium,
706 3073 864 3141 auxilium
887 3085 1055 3227 expetens.

121 3166 183 3211 ⁹⁶¹·
281 3160 311 3226 2.
345 3159 473 3226 Herum
505 3160 616 3249 itaque
649 3183 709 3228 rex
736 3161 902 3249 piissimus
946 3162 1116 3228 acrimosis
1147 3162 1340 3250 quaestibus

193 3242 377 3330 inclinatus,
398 3268 465 3324 nou
488 3266 572 3333 quac
596 3268 655 3312 sua
676 3245 734 3312 sed
757 3267 840 3334 quae
855 3245 932 3312 Iesu
948 3245 1069 3313 Christi
1088 3257 1165 3313 sunt
1179 3249 1340 3335 cogitans,

194 3327 298 3396 filium
327 3352 424 3396 suum
453 3328 517 3397 sibi
545 3332 763 3418 aequivocum
792 3340 904 3397 centra
935 3352 1060 3397 morem
1116 3329 1273 3398 uerilibus
1302 3333 1338 3398 in

67 3473 70 3478 Α
194 3416 290 3480 aunis
310 3437 423 3503 regem
450 3417 660 3500 constituens,
690 3438 766 3482 eum
795 3415 830 3481 in
853 3416 999 3482 Saxonia
1027 3415 1067 3483 de
1117 3417 1237 3506 ‘quir03
1265 3417 1339 3506 ipse

195 3497 340 3567 collectis
368 3502 470 3588 copiis
497 3500 626 3567 Italiam
655 3502 798 3588 percitus
824 3502 924 3567 venit.
969 3501 1036 3583 Qui
1063 3511 1152 3568 tanto
1174 3501 1339 3591 Berenga·

195 3664 219 3716 e)
236 3667 351 3717 inscriptio
366 3665 485 3707 INCIPIT
501 3665 594 3707 elena
612 3664 765 3708 SEPTIMUS
782 3665 825 3707 DF.
841 3664 943 3709 REBUS
960 3665 1095 3710 OT‘I'ONIS
1111 3668 1269 3709 metaoeeiee‘
1279 3669 1304 3708 s'se
1315 3668 1337 3711 b.

195 3731 214 3766 et
231 3727 279 3768 ba.
296 3725 430 3766 Divisioneee
446 3727 542 3776 capuam
559 3735 615 3776 quoe
631 3727 654 3765 ire
670 3725 778 3766 codicibus
794 3725 938 3775 datdnetur,
956 3727 1050 3769 imeitai.
1099 3725 1123 3778 b)
1138 3727 1203 3768 coda
1219 3729 1232 3769 8
1248 3728 1273 3767 ἐκ
1287 3738 1340 3770 voce

194 3785 346 3837 waldpertus
361 3789 457 3826 sanctae
474 3785 568 3824 etitem.
630 3785 651 3834 e)
668 3795 690 3827 e.
705 3787 730 3824 οι
740 3786 788 3838 fios
803 3786 893 3826 daenes
910 3788 932 3828 1.

71 3905 79 3917 ‘
197 3921 226 3989 1)
239 3922 303 3986 xm
323 3925 500 3988 enavimus,
519 3925 643 3978 mosee
661 3924 732 3978 enus
746 3923 932 3992 (eea-ees).
992 3926 1021 3993 a)
1035 3927 1154 3982 nauem
1167 3929 1273 3996 legeres
1289 3944 1340 3983 no·

194 3998 300 4049 minent
321 3999 491 4050 continuator
509 4000 608 4067 Regin.
629 4014 656 4052 a.
670 3999 733 4061 960,
753 3999 899 4052 BenedIeti
921 4000 1021 4065 chron.
1041 4019 1065 4055 ο.
1079 4003 1124 4068 bb,
1142 4003 1212 4056 hun.
1226 4002 1339 4058 Hildee·

194 4070 277 4123 heim.
297 4072 360 4135 960,
382 4071 416 4126 cs.
437 4072 508 4124 infra
528 4090 551 4126 ο.
572 4074 616 4126 20.
675 4070 705 4139 3)
726 4073 902 4141 waldpertus
922 4074 988 4128 Inde
1008 4076 1042 4128 ab
1063 4092 1135 4130 enno
1148 4077 1202 4129 ibi
1216 4077 1338 4132 Mensssi

193 4146 223 4196 in
241 4143 308 4197 sede
328 4144 529 4200 Mediolanensi
548 4149 688 4209 successit,
709 4145 742 4198 de
764 4164 817 4214 quo
832 4148 867 4200 ci.
881 4150 944 4203 Ant.
958 4150 997 4202 lv
1012 4167 1036 4203 c.
1050 4151 1076 4201 6.
1154 4149 1183 4219 4)
1199 4151 1241 4204 CI.
1256 4168 1338 4221 supra

193 4220 294 4288 Antap.
314 4219 340 4270 V
361 4237 384 4270 e.
406 4221 450 4272 29.
528 4222 558 4289 5)
578 4224 601 4274 Δ
621 4238 674 4289 que
694 4223 866 4275 marchiones
886 4225 1016 4278 Estensee
1036 4226 1169 4292 originem
1189 4233 1339 4284 traxerunt.

195 4289 224 4357 6)
244 4294 278 4346 A.
297 4292 351 4344 961
374 4294 419 4347 dIe
439 4295 484 4347 26.
505 4298 572 4349 Maii
593 4312 678 4349 mens.
698 4296 864 4363 aquisgrani
883 4296 948 4352 Otto
969 4298 999 4351 11
1018 4315 1065 4352 res
1086 4307 1230 4356 coronatus
1250 4307 1299 4354 est.
