2932 4718
212 227 229 279 s
410 227 644 282 murratum
662 225 927 281 urrsronosts.
964 225 1037 280 uns.
1057 195 1092 278 1.'
1121 226 1165 279 ιι.

72 397 372 464 ass-oramemoria
392 397 525 497 risuque
552 395 667 483 dignas
682 396 772 483 egit,
798 396 950 462 inserere.
995 391 1355 482 Constantinopolitano

214 479 305 565 urbs,
327 502 411 568 quae
432 503 524 570 prrus
545 479 739 563 Bizantium,
765 501 851 545 nova
871 501 959 545 nuno
988 480 1108 546 dicitur
1128 480 1242 563 Roma,
1270 479 1356 546 inter

213 565 433 632 ferocissimas
455 575 568 666 gentes
592 574 641 630 est
659 565 843 631 constituta.
881 562 991 630 Habet
1006 565 1129 713 quippe
1144 564 1186 630 ab
1201 561 1355 653 aquilone

128 655 130 660 ’
214 650 249 717 Η
356 651 413 733 'os',
436 650 623 733 Przenacos,
647 648 820 730 Ghazaros,
836 649 955 715 Rusios
970 670 1053 738 quos
1069 671 1088 713 u
1103 649 1132 714 ‘o
1147 671 1207 715 nos
1222 649 1355 716 nomina

214 735 266 802 No
341 756 445 801 annos
478 732 667 823 apellamus,
704 743 803 824 atque
826 731 1001 822 bulgarios
1021 733 1160 798 nimium
1188 731 1252 799 sibi
1276 733 1356 799 vici·

214 841 292 904 nos3
312 819 355 886 ab
377 819 499 886 oriente
521 817 669 906 Bag'das3
698 819 783 885 inter
804 819 961 886 orientem
990 827 1023 884 et
1050 816 1219 884 meridiem
1241 816 1357 906 Egipti

214 901 495 992 Babiloniaeque⁸
526 901 665 988 incolas}
698 925 719 968 a
746 903 883 970 meridie
908 926 993 970 ,vero
1022 902 1170 969 Africam
1195 901 1295 969 habet
1322 911 1357 969 et

214 989 414 1056 nominatam
434 987 524 1054 illam
544 989 682 1054 nimium
704 989 848 1055 vicinam
863 988 990 1077 sibique
1006 988 1200 1054 contrariam
1214 985 1356 1054 insulam

216 1072 323 1142 Creta.
367 1072 504 1140 Caetera
524 1094 604 1140 varo
627 1095 711 1161 quae
732 1080 808 1138 sunt
829 1073 890 1141 sub
913 1073 1029 1139 eodem
1050 1072 1180 1140 climate
1197 1073 1356 1154 nationes,

215 1156 351 1226 Armeni
379 1156 513 1241 scilicet,
545 1158 670 1241 Perses,
703 1156 854 1242 Chaldei,
887 1156 1022 1246 Avasgi,
1054 1156 1132 1223 huic
1160 1156 1356 1223 deserviunt.

214 1241 345 1309 Incolae
367 1243 508 1330 denique
529 1243 671 1310 civitatis
692 1241 800 1327 huius,
823 1245 908 1310 sicut
928 1251 1124 1309 memoratas
1146 1253 1261 1329 gentes
1275 1241 1356 1307 divi·

215 1327 281 1412 tiis,
301 1328 348 1393 ita
368 1328 467 1394 etiam
489 1328 651 1416 sapientia
671 1327 923 1416 superexellunt.
965 1327 1068 1394 Moris
1115 1328 1216 1416 uippe
1243 1346 1358 1393 eorum

217 1419 277 1496 cst,
304 1433 345 1480 ne
367 1435 387 1477 a
408 1412 526 1480 vicinis
555 1410 707 1498 gentibus
736 1411 971 1512 obprimantur,
1004 1350 1141 1501 singulis
1174 1409 1358 1500 quibusque

215 1495 369 1564 noctibus
390 1519 450 1585 per
470 1498 569 1563 totius
591 1497 730 1563 civitatis
752 1496 887 1581 bivium,
909 1497 1051 1582 trivium,
1074 1496 1358 1598 quadruviumque

217 1591 359 1648 armatos
380 1581 499 1647 milites
521 1603 621 1647 causa
642 1581 872 1648 custodiendae
895 1583 1044 1663 civitatis,
1067 1584 1124 1670 qui
1146 1603 1218 1648 eam
1240 1581 1357 1668 iungi·

217 1665 293 1749 lent,
324 1688 456 1754 ponere.
500 1667 630 1754 Fitque,
661 1675 698 1731 ut
731 1667 758 1731 si
790 1677 867 1754 post
898 1665 1126 1754 crepusculum
1159 1686 1357 1755 quemquam

217 1749 481 1818 deambulantem
508 1749 617 1839 aliqud
646 1750 797 1817 custodes
826 1751 1031 1835 offenderint,
1066 1763 1181 1839 captus
1211 1751 1360 1838 protinus

217 1836 474 1924 verberibusque
503 1858 608 1918 cesus,
636 1834 783 1902 custodia
810 1834 970 1924 pervigili,
1000 1835 1213 1925 compedibus
1234 1836 1270 1900 in
1292 1856 1359 1900 car-

219 1941 291 1987 cere
314 1921 457 2002 strictus,
479 1942 518 1985 us
541 1942 584 1986 ue
605 1921 639 1985 in
661 1920 836 1986 crastinum
865 1921 907 1986 ad
936 1920 1105 2008 publicum
1127 1918 1359 2009 producendus

187 2079 188 2083 Ἰ
218 2015 374 2072 servetur.
412 2005 493 2070 ‘Hoc
515 1943 656 2093 denique
677 2014 773 2093 pacto
795 2026 862 2071 non
885 2004 990 2071 solum
1008 2006 1050 2072 ab
1065 2005 1222 2089 hostibus,
1244 2026 1360 2071 verum

219 2090 318 2156 etiam
340 2112 361 2155 a
381 2087 560 2157 latronibus
582 2088 686 2155 inlesa
708 2090 822 2156 civitas
845 2090 1035 2156 custoditur.
1078 2089 1145 2155 Leo
1167 2091 1278 2178 itaque
1300 2090 1361 2154 im·

219 2184 348 2262 perator
383 2183 543 2261 augustus
583 2173 722 2262 vigilum
764 2173 863 2241 fidem
905 2175 1183 2263 constantiamque
1220 2172 1361 2263 probare

219 2256 440 2361 volens,·solua
452 2268 527 2360 post
536 2257 767 2347 crepusculum
778 2281 797 2325 o
807 2257 928 2360 palatio
940 2258 1151 2360 descendens,
1167 2259 1361 2359 adprimam

219 2341 1360 2516 {titt„ttttffltuttttttttsittffntt‘tttttttt

65 2593 71 2602 ⁹
218 2522 379 2600 pergeret,
408 2514 659 2600 interrogarunt
704 2511 780 2597 Qui,
810 2511 959 2579 emultis
984 2535 1086 2578 unum
1108 2534 1143 2578 se
1164 2535 1235 2579 esse
1258 2521 1290 2578 et
1311 2510 1360 2578 lu·

148 2613 149 2617 ’
218 2617 323 2684 panar
342 2607 463 2685 petere,
486 2597 580 2664 dixit
625 2596 688 2665 Oui
709 2618 810 2663 moxs
830 2595 963 2664 ‘Cesum
984 2608 1016 2663 ts
1037 2598 1175 2680 acriter,
1197 2597 1361 2685 inquiunt,

220 2680 510 2771 ‘compedibusque
535 2683 685 2750 strictum
712 2703 816 2769 usque
838 2681 1071 2747 incrastinum
1099 2681 1359 2750 reservabimus'.

185 2772 186 2777 ’
220 2764 348 2848 Quibus
370 2766 555 2855 respondit:
578 2773 630 2851 ‘pq
653 2765 792 2855 ἀδελφοῐ
814 2790 866 2850 μη,
887 2769 934 2832 mi
955 2764 1051 2832 adelfi
1065 2767 1130 2849 mi’,
1153 2765 1242 2866 quod
1263 2768 1361 2834 intar-

218 2858 381 2939 pratatur:
419 2860 646 2952 ‘nequaquam
678 2851 808 2933 frames,
841 2872 1065 2939 nequaquam3
1098 2851 1237 2938 accipite
1270 2848 1361 2940 quod

218 2945 324 3022 porto,
351 2939 529 3022 permittte
554 2938 601 3002 ire
624 2957 688 3024 quo
709 2934 804 3001 volo'.
849 2935 915 3018 Qui
943 2935 1115 3003 duodecim
1137 2936 1282 3023 acceptis
1304 2957 1361 3001 au·

218 3020 294 3102 reis,
317 3042 393 3086 eum
414 3021 563 3108 protinus
593 3021 794 3089 dimiserumt.
837 3020 919 3086 Inde
940 3042 1019 3086 vero
1049 3022 1217 3102 transiens,
1247 3019 1290 3085 ad
1312 3042 1362 3087 se·
1408 3097 1414 3103 ‚

219 3104 359 3170 cundem
381 3107 470 3172 venit
497 3105 687 3177 custodiam.
733 3104 807 3186 Quo
857 3102 1111 3172 uemadmodum
1139 3114 1171 3170 et
1191 3107 1227 3169 in
1277 3105 1362 3171 rima

220 3198 344 3277 captus,
368 3188 517 3278 datisque
539 3190 610 3256 XX
631 3190 738 3255 aureis
761 3198 810 3256 est
853 3192 994 3255 imissus.
1030 3189 1084 3254 Ad
1098 3190 1226 3256 tertiam
1266 3189 1363 3256 einde

218 3271 299 3338 dum
325 3275 477 3357 uenisset,
508 3284 557 3341 est
583 3286 714 3362 captus:
746 3294 861 3340 verum
882 3296 948 3340 non
969 3285 1006 3340 ut
1050 3275 1133 3339 rimo
1155 3295 1195 3338 ac
1216 3272 1362 3340 secundo

219 3355 303 3424 datis
325 3360 433 3424 aureis
455 3368 505 3426 est
527 3358 696 3443 dimissus3
727 3357 785 3424 sed
810 3357 927 3423 ablatis
950 3380 1038 3423 omm
1062 3381 1111 3441 us,
1134 3357 1363 3447 compedibus·

242 3464 284 3508 ue
306 3443 450 3530 graviter
470 3445 607 3526 strictus,
629 3444 750 3531 pugnis
772 3440 949 3531 flagrisque
964 3442 1022 3508 diu
1035 3441 1235 3525 verberatus,
1255 3451 1364 3510 custo·

219 3462 276 3594 dia
303 3548 407 3614 usquo
436 3527 471 3593 in
500 3531 676 3594 crastinum
705 3526 934 3614 producendus
964 3537 1120 3593 servatur.
1164 3526 1228 3591 His
1250 3526 1362 3615 itaque

220 3610 472 3696 discedentibus,
501 3611 670 3679 custodem
697 3612 875 3700 imperator
901 3611 943 3676 ad
967 3634 1037 3678 sese
1060 3612 1200 3677 carceris
1221 3632 1363 3678 uocans:

220 3703 302 3786 *φιλε
326 3721 397 3782 μου,
419 3697 472 3763 file
495 3701 570 3780 mu',
614 3696 681 3762 uod
703 3709 752 3762 est
774 3697 889 3762 ‘amice
910 3698 974 3781 mi',
997 3697 1112 3784 inquit,
1134 3695 1288 3761 ‘Leonem
1302 3696 1364 3761 im·

219 3790 402 3868 peratorem
416 3781 554 3848 nostin'?
587 3719 682 3864 ‘buit
705 3780 786 3863 infit,
803 3788 962 3848 ‘nosscere
977 3782 1110 3869 possim,
1127 3800 1224 3868 quem
1239 3779 1363 3847 vidisse

221 3888 273 3933 me
301 3888 367 3932 non
396 3866 623 3933 meminerim?
658 3866 713 3932 Ad
740 3864 908 3966 publicum
938 3888 1026 3949 sane,
1054 3886 1127 3931 raro
1152 3885 1362 3953 quamquam,

221 3950 298 4016 dum
326 3951 539 4103 proceditquen
554 3949 660 4038 longe,
693 3960 932 4039 quiapropter
959 3971 1096 4050 nequeo,
1119 3970 1193 4015 cum
1223 3949 1363 4034 intueor,

221 4033 368 4104 mirabile
384 4036 462 4125 quid
554 4045 587 4102 et
601 4057 667 4101 non
681 4033 845 4101 hominem
861 4035 971 4102 videre
985 4034 1109 4101 videor.
1145 4033 1235 4100 Dare
1250 4043 1364 4102 autem

222 4256 451 4310 docuimusque
469 4261 490 4299 1.
