2932 4718
203 215 231 267 X
496 245 499 251 ·
563 215 774 270 PRAEFATIO
794 214 978 269 EDITORIS.

204 383 457 471 stantinopoiim
472 384 636 468 directas',
654 384 846 452 Cremonam
862 383 1007 470 amplias
1017 383 1111 450 isaaci
1122 393 1169 449 est
1178 403 1341 449 reversas.
1370 396 1376 406 '

205 466 406 556 Supremam
426 471 535 556 ipitnr·
564 468 649 536 diem
671 478 731 534 ant
751 471 789 534 in
813 466 975 550 Graecia,
1004 476 1063 531 ant
1093 467 1241 533 adducta
1271 469 1342 532 iarn

207 553 413 640 tneopnaan
445 557 485 620 in
507 553 611 619 Irata
627 552 803 640 prioritas
829 552 995 620 mensibus
1019 554 1105 617 anni
1125 551 1200 635 972,
1222 551 1342 618 obiisse

205 638 347 704 rn'detar.
424 647 489 703 erte
514 637 603 704 Inlio
632 659 740 704 mense
768 637 914 703 eiusdem
943 636 1029 700 anni
1058 636 1098 702 de
1126 639 1226 702 terris
1254 639 1343 702 inter·
1369 640 1374 645 ’

205 721 366 789 Adimam
380 731 410 787 et
430 720 551 805 Olinm,
566 744 652 808 qaas
666 721 913 809 Liadprandas
930 730 1028 786 antea
1042 721 1240 802 detinuerat,
1255 723 1344 786 inter
1446 784 1448 787 .

205 806 361 874 ecelesias
388 806 639 895 Berpomensem
667 816 697 872 et
723 805 965 909 Aquileiensem
993 807 1111 871 meram
1138 813 1344 870 contractum

207 901 287 975 est1,
309 890 368 956 sed
389 914 462 957 enm
483 891 534 957 ibi
555 891 707 958 ‘domnas
722 890 836 958 Lsaso’
856 914 924 957 non
943 913 1019 956 vero
1034 889 1224 978 ‘qnondam'
1238 888 1357 956 Liaso·

207 978 384 1063 episcopas
403 975 629 1044 Cremonensis
649 975 801 1042 eeclesiae
823 975 999 1056 scribatur,
1020 984 1050 1041 et
1064 975 1152 1040 hanc
1167 975 1344 1041 terminum

207 1081 443 1148 superpressas
463 1082 531 1127 esse
553 1062 681 1127 censeri
696 1069 826 1147 posset;
848 1061 942 1126 hanel
963 1081 1039 1125 nero
1054 1058 1161 1208 longe,
1183 1082 1256 1124 enm
1273 1061 1346 1125 iam

208 1146 263 1212 tte
290 1143 321 1210 5.
344 1144 467 1210 Martii
493 1148 580 1211 anni
606 1144 670 1210 973
697 1166 864 1212 successor
891 1147 963 1211 eins
991 1145 1028 1210 in
1053 1168 1105 1210 eae
1136 1145 1190 1210 sia
1215 1143 1343 1210 Cremo·

208 1230 316 1311 nemsi,
352 1227 525 1313 Oldericns
554 1251 570 1294 e
603 1230 739 1331 scopas,
768 1252 842 1296 cam
863 1226 1016 1295 Albsrico
1038 1229 1183 1315 quodam
1204 1251 1345 1294 commn-

160 1369 192 1402 „
205 1314 363 1380 tationem
376 1313 543 1378 honoram
554 1251 710 1400 ficeret&

95 1402 198 1460 ‘offl-
292 1399 307 1428 *
321 1397 410 1464 Otia
438 1400 546 1485 ipitar·
578 1401 671 1464 intra
708 1399 860 1500 quinqua
883 1400 1018 1464 emmam
1047 1407 1077 1462 et
1101 1401 1344 1499 senapesimnm

209 1484 329 1548 aetatis
357 1504 499 1562 annum,
530 1485 584 1548 air
610 1484 766 1570 inpenso,
796 1421 997 1564 mimicae,
1025 1480 1229 1569 eloquentia,
1262 1479 1342 1565 ioco,

207 1567 368 1633 historiae
390 1567 528 1632 saitem
553 1569 622 1632 oris
643 1566 836 1633 scribendae
865 1564 952 1632 velat
976 1575 1087 1632 natas.
1138 1566 1246 1633 Unam
1273 1575 1346 1631 erat

207 1651 297 1739 qaod
317 1651 452 1716 veritati
473 1649 513 1736 of
533 1674 603 1717 cere
624 1653 805 1738 potuisset,
823 1652 990 1718 vehemens
1012 1652 1169 1737 partiam
1197 1650 1345 1716 stadium

207 1744 237 1801 et
265 1735 378 1802 odiam
405 1734 630 1823 Berenparii;
664 1738 721 1802 cai
746 1747 855 1802 tamen
882 1738 993 1801 minas
1023 1758 1124 1822 qnam
1153 1745 1346 1820 speraretur

208 1819 372 1886 obnonias
391 1817 486 1906 fnit,
517 1821 606 1908 qaod
632 1822 732 1907 repni
758 1819 869 1886 Beren
895 1822 964 1885 arii
992 1830 1021 1885 et
1056 1819 1173 1885 Willae
1206 1821 1347 1885 nonnisi

200 1906 383 1992 principia
405 1915 434 1968 et
455 1914 601 1970 entrema
623 1908 752 1992 caepta
776 1915 805 1969 et
825 1843 989 1970 iasiicinm
1010 1907 1203 1970 nniversam
1218 1903 1258 1968 de
1273 1925 1344 1971 sae-

205 1991 291 2055 vitia
313 1998 343 2053 et
363 1990 544 2077 tyrannide
566 2012 678 2055 eoram
699 1991 803 2055 latam
827 2013 848 2054 a
871 1989 1089 2076 scriptoribus
1103 1989 1191 2074 fidei
1210 1991 1346 2055 minime
1423 2019 1428 2029 ’

205 2082 377 2158 suspectae
387 2121 398 2155 ,
436 2073 648 2158 Hrntsnitia,
689 2074 893 2140 Widalsindo
931 2073 1082 2161 orl-iisqne,
1119 2074 1345 2158 confirmatur.
1450 2132 1452 2136 ,

206 2157 322 2259 Nepae
344 2159 382 2222 in
405 2156 563 2222 laudibus
581 2160 724 2244 patroni
745 2161 802 2224 sni
821 2157 949 2224 Ottonr's
965 2158 1004 2240 L,
1020 2162 1136 2244 patrie
1151 2162 1223 2226 eine
1240 2159 1344 2223 Hein-

205 2244 281 2322 ricr,
311 2252 380 2308 tam
402 2241 589 2325 Matiiidis,
619 2243 774 2308 Heinriai
801 2244 909 2325 dacis,
938 2242 1114 2308 Brnrsonis
1140 2253 1170 2307 et
1197 2242 1347 2326 Liadoifi

205 2327 395 2392 veritatem³
417 2329 564 2392 excessit.
601 2327 693 2392 Idem
715 2327 754 2392 de
776 2328 920 2393 historia
935 2327 1098 2393 Iohannis
1113 2327 1201 2409 XIL,
1223 2326 1345 2393 leonis
1374 2361 1377 2365 ·

214 2409 303 2476 VIII.
334 2420 363 2474 et
389 2410 565 2476 Benedicti
594 2414 669 2477 anti
694 2434 780 2498 apae
811 2412 949 2493 dixeris,
978 2413 1047 2477 nisi
1075 2434 1186 2477 eornm
1207 2435 1344 2479 numero

206 2495 355 2561 adscribi
376 2494 465 2575 veiis,
488 2497 548 2582 qni
569 2519 644 2560 eam
658 2435 812 2561 ssaronio
835 2519 915 2561 vera
924 2518 1013 2582 prae
1028 2499 1138 2584 pratis
1154 2519 1193 2561 as
1219 2518 1342 2562 ernan-

204 2588 271 2644 tnr.
315 2580 426 2645 Mores
448 2580 543 2645 hand
565 2583 700 2646 omnino
724 2590 832 2646 castos
857 2604 915 2645 nec
947 2582 1141 2668 compositos
1171 2519 1344 2666 &renata

197 2686 450 2753 'nonnunquam
479 2664 647 2730 scribendi
674 2663 811 2730 licentia
839 2675 867 2729 et
895 2667 962 2730 ioci
989 2664 1151 2730 iuveniles
1182 2687 1224 2728 ar
1247 2676 1344 2730 errent.

163 2772 176 2805 r
211 2747 327 2814 Oratio
351 2751 450 2830 aeris,
473 2751 621 2834 copiosa,
642 2753 787 2833 variata,
810 2773 899 2816 nnnc
922 2750 1029 2815 brevis
1051 2772 1141 2815 nnnc
1163 2689 1300 2816 ceriaco
1315 2760 1345 2813 et

205 2833 346 2914 tumida,
357 2832 489 2918 faceta,
510 2835 675 2915 ironicas,
706 2835 799 2900 hand
824 2857 905 2900 raro
926 2844 1035 2900 tamen
1057 2835 1158 2900 nimis
1178 2833 1343 2916 insolata,

205 2925 235 2981 et
256 2917 475 2983 subobscura·
492 2919 684 3003 posteriora
705 2929 812 2984 tamen
835 2943 947 3005 opera,
970 2920 1145 2985 historiam
1165 2917 1292 2984 Ottonis
1314 2929 1344 2983 et

204 2999 349 3066 libellam
381 3002 420 3067 de
452 2967 616 3150 iepartooe
649 3002 1033 3090 Constantinopolitano,
1068 3004 1108 3069 ab
1143 3026 1183 3068 ea
1215 3026 1279 3104 pao
1302 3026 1344 3069 ne

200 3096 300 3172 parte
332 3087 442 3173 mapis
488 3088 680 3152 andaonis.
725 3088 765 3153 In
799 3089 1010 3175 Antapodosi
1042 3091 1138 3167 enim,
1169 3025 1344 3174 prroriias

199 3172 385 3257 praecipue
417 3170 533 3252 libris,
567 3171 625 3236 nbi
659 3172 803 3238 aliorum
835 3173 1088 3238 narrationibus
1121 3173 1282 3238 innititur·
1314 3181 1344 3238 et
1420 3179 1440 3250 j

204 3258 359 3341 temperis
390 3256 539 3320 ordinem
567 3257 662 3322 hand
688 3280 770 3323 raro
797 3280 836 3322 ne
860 3257 950 3337 lenit,
978 3280 1018 3323 erc
1041 3257 1231 3322 auctoribus
1251 3256 1341 3322 loeu-

198 3338 344 3428 pletibas
366 3336 590 3406 illustrandas
612 3352 641 3407 et
663 3344 821 3408 enrendan
848 3352 908 3406 ns³
930 3351 995 3422 est,·
1025 3345 1061 3407 in
1088 3340 1229 3426 reliquis
1258 3344 1341 3426 ipse,

203 3448 219 3490 s
245 3434 368 3491 eetator
389 3428 553 3511 eprepirrs,
577 3427 792 3512 conspicuam
807 3426 872 3491 sibi
886 3424 991 3490 locnrn
1006 3426 1167 3504 vindicat,
1189 3427 1342 3513 quamvis

194 3447 330 3596 sitatis
351 3519 380 3574 et
402 3509 590 3575 rarnoribne
606 3511 644 3575 irs
661 3511 753 3597 vulpi
767 3533 821 3576 ore
836 3509 1045 3575 versantibus
1061 3511 1202 3576 nimiam
1216 3531 1343 3594 semper

131 3597 140 3753 p
159 3579 180 3614 ⁸
195 3593 301 3677 fldem
324 3594 501 3680 adinnpat.
542 3592 621 3660 Cam
643 3597 751 3681 ipitar
772 3618 811 3658 ea
834 3604 962 3658 tantam
981 3596 1153 3682 scripserit
1168 3618 1253 3682 qaae
1271 3596 1342 3680 ipse

205 3778 233 3841 1)
247 3777 300 3828 Die
316 3777 360 3828 20.
375 3775 446 3828 Iulii,
460 3776 532 3844 Lupi
547 3775 579 3828 O.
593 3776 629 3828 D.
643 3777 769 3843 Bergom.
784 3777 823 3840 11,
837 3778 905 3840 3023
915 3777 990 3830 Mon.
1005 3776 1068 3830 hist.
1082 3781 1151 3843 petr.
1165 3775 1243 3839 xm,
1258 3773 1340 3827 1285.

205 3851 600 3918 i)i10n.hist.patr.X111‚
626 3850 707 3903 1298.
738 3852 818 3902 1300.
932 3850 962 3915 3)
983 3866 1006 3902 e.
1026 3866 1053 3916 g.
1075 3849 1122 3914 IV,
1147 3849 1263 3900 14-16.
1294 3850 1339 3902 25.

204 3923 234 3993 4)
255 3941 279 3977 e.
299 3942 326 3992 g.
346 3925 394 3988 IV,
415 3923 459 3974 is.
480 3925 509 3975 in
535 3940 603 3975 nese
624 3925 778 3989 Gisslberii‚
798 3926 830 3986 V,
854 3925 887 3976 it
912 3927 940 3976 in
966 3924 1046 3976 clade
1069 3924 1212 3976 Rusiorum
1239 3921 1340 3974 descri-

203 3998 301 4050 benda.
378 3999 454 4061 b)1n
474 3998 586 4050 historin
606 3998 806 4066 expeditionum
819 3997 922 4050 Amulii
943 4015 976 4050 ex
988 4000 1059 4050 Anu.
1072 3996 1271 4058 Fuldensibns3
1291 3995 1340 4048 ssd

204 4074 287 4124 etism
306 4073 353 4124 ubi
372 4073 479 4135 errant,
496 4071 592 4138 Sergio
612 4087 701 4140 papas
721 4074 841 4126 tribuens
856 4088 926 4140 quse
940 4073 1079 4140 Stephano
1094 4071 1141 4122 VI.
1162 4070 1341 4131 debebantur,

203 4144 258 4198 fids
284 4146 381 4212 dignos
405 4153 490 4197 testes
516 4145 651 4197 consuluit
679 4147 748 4199 ‘Hoc
774 4163 890 4214 nemque
917 4162 934 4198 s
959 4146 1171 4213 religiosissimis
1199 4145 1340 4196 Romanae

202 4220 277 4272 urbis
296 4221 360 4272 viris
379 4235 511 4288 persaepe
532 4216 631 4271 audivi’
652 4221 674 4283 1,
694 4221 739 4274 ³1.
