2932 4718
344 263 576 319 LIUDPRANDI
595 264 767 319 atomo.
807 265 926 320 66-b8.
1154 269 1204 322 161

70 445 163 501 runt:
187 434 321 584 ‘Papam
343 447 487 500 vestrum
509 434 693 522 imperiales
714 436 859 523 recipere
880 435 1010 520 litteras,
1033 437 1204 527 indignum
1215 394 1274 482 ⁹⁶⁸i

71 543 142 587 esse
164 519 233 585 diiu
257 522 398 603 icamus3
429 520 526 587 mittit
551 529 660 586 autem
688 517 733 584 illi
763 519 974 608 coropalates,
1000 523 1203 612 imperatoris

69 605 178 686 frater,
199 627 264 670 non
286 626 346 692 per
367 626 444 669 suos
465 626 624 693 pauperes
647 605 786 687 nuntios,
810 605 866 671 sed
888 628 948 693 per
969 618 1001 675 te
1022 607 1203 695 epistolam,

71 714 105 757 se
128 691 204 756 satis
227 689 370 777 dignam,
392 701 429 755 ut
450 690 512 755 nisi
533 691 721 778 resipuerit,
751 689 896 757 funditus
925 715 959 758 se
988 694 1124 781 periisse
1152 715 1204 762 co·

67 773 234 863 gnoverit’.

154 861 206 926 57.
250 859 346 925 Hanc
370 881 444 924 cum
467 861 675 948 accepissem,
704 857 775 926 vale
796 859 875 925 mihi
899 861 1051 945 dicentes,
1074 864 1202 931 dimise·

67 956 153 1029 runt,
184 943 295 1011 oscula
323 942 495 1033 prebentes
526 946 604 1010 satis
633 943 793 1028 iucunda,
821 947 899 1012 satis
928 947 1090 1015 amabilia.
1136 948 1202 1016 Sed

68 1030 146 1096 dum
168 1030 363 1114 recederem,
384 1027 578 1116 legationem
599 1029 677 1095 mihi
699 1051 764 1095 non
786 1052 848 1112 me,
871 1030 927 1097 sad
949 1030 1011 1097 illis
1033 1034 1110 1099 satis
1126 1034 1202 1100 diri·

66 1125 149 1204 gtmt
170 1114 318 1202 dignam,
348 1113 471 1181 scilicet
493 1115 580 1202 quod
602 1112 682 1180 mihi
703 1113 763 1181 soli
785 1116 930 1203 meisque
953 1126 1055 1205 equos
1077 1118 1200 1204 darent,

66 1202 200 1266 sarcinis
226 1199 369 1282 nullum,
404 1201 515 1287 sicque
544 1201 657 1283 nimis,
691 1209 727 1265 ut
756 1222 807 1267 res
836 1199 1008 1289 poscebat,
1041 1202 1199 1289 turbam,

66 1287 239 1370 διασώστῃ,
273 1285 307 1351 id
336 1294 385 1350 est
412 1284 538 1351 ductori
567 1306 649 1367 meo,
685 1287 829 1372 quinqua
855 1287 862 1300 ’
887 1295 920 1351 ta
948 1309 1120 1354 aureorum
1147 1311 1199 1356 res

64 1373 169 1459 pretio
193 1371 277 1436 dedi.
321 1369 460 1435 Etcum
483 1392 548 1435 non
569 1369 731 1453 haberem,
754 1393 819 1457 quo
863 1392 922 1458 pro
945 1370 1120 1438 malefactis
1143 1373 1199 1440 Ni·

65 1457 207 1545 cephoro
229 1465 307 1521 tunc
329 1454 507 1538 redderem,
535 1453 594 1519 hos
616 1456 651 1520 in
673 1456 795 1542 pariete
824 1456 947 1522 invisae
970 1455 1085 1523 domus
1107 1481 1198 1527 meae

63 1552 96 1608 et
119 1544 152 1607 in
175 1563 286 1607 mensa
307 1538 414 1626 lignea
435 1538 612 1605 versiculos
636 1541 765 1625 scripsi:

149 1624 338 1712 Argolicum
361 1648 425 1691 non
448 1635 516 1690 tuta
533 1625 631 1698 fides3
656 1624 769 1711 procul
785 1636 864 1709 esto,
879 1624 1004 1707 Latine,
1048 1626 1197 1694 Versus¹.

150 1710 298 1791 Credere,
321 1732 381 1775 nec
404 1720 545 1776 mentem
568 1709 675 1775 verbis
697 1708 849 1776 adhibere
872 1712 1049 1777 memento!

149 1795 288 1861 Vincere
311 1795 389 1860 dum
411 1796 522 1883 possit,
546 1817 643 1881 quam
666 1805 775 1861 sancte
797 1796 921 1882 peierat
942 1797 1067 1883 Argos!

148 1880 308 1946 Marmore
331 1901 414 1966 quae
436 1881 526 1945 vario
549 1881 675 1966 magnis
699 1890 788 1967 patet
808 1877 872 1945 alta
893 1879 1050 1966 fanestris,

107 1983 123 2034 5
148 1965 242 2032 Haec
264 1966 423 2051 inaquosa
444 1965 569 2047 domus,
593 1962 745 2030 concluso
767 1964 880 2052 pervia
902 1963 972 2048 soli,

147 2051 285 2138 Fn'gora
307 2050 495 2137 suscipiens,
517 2059 642 2115 aestum
663 2070 724 2115 nec
745 2072 842 2115 saeva
862 2048 1033 2137 repellens3

145 2134 260 2201 Presul
281 2135 323 2201 ab
345 2136 491 2200 Ausonia
512 2134 741 2222 Liudprandus
761 2137 795 2200 in
816 2134 898 2202 urbe
922 2133 1091 2219 Cremona,

149 2218 461 2308 Constantinopolim
484 2220 574 2308 pacis
596 2218 760 2306 profectus
782 2241 901 2304 amore,

148 2303 310 2386 Quattuor
331 2306 461 2371 aestivis
485 2303 661 2370 concludor
681 2304 847 2371 mensibus
869 2306 951 2372 istic.

84 2407 122 2460 10
145 2389 360 2477 Induperator
382 2392 467 2456 enim
489 2390 618 2455 Bareas,
632 2389 862 2456 conscenderat
884 2387 971 2472 Otto,

147 2472 256 2542 Caede
279 2473 374 2540 simul
395 2474 533 2540 flammis
558 2498 599 2540 ue
621 2475 682 2542 sibi
704 2473 776 2540 loca
797 2473 936 2541 subdere
958 2485 1128 2561 temptans,

146 2559 211 2627 Sed
234 2560 385 2648 precibus
408 2572 531 2626 remeat
581 2581 713 2625 emanas
734 2562 838 2626 metor
859 2559 901 2625 ad
922 2560 1018 2627 urbes

144 2644 225 2711 Inde
248 2647 337 2711 meis.
380 2645 506 2711 Nurum
528 2646 676 2732 promisit
698 2643 835 2711 Graecia
857 2643 1008 2728 mendax,

145 2731 237 2812 Quae
260 2752 319 2796 nec
340 2741 416 2796 nata
438 2731 529 2814 foret,
551 2753 611 2796 nec
633 2753 684 2795 me
705 2731 832 2796 venisse
854 2728 986 2814 doleret,

84 2833 119 2884 15
143 2815 213 2881 Nec
234 2816 367 2898 rabiem,
389 2815 582 2902 Nicephore,
605 2825 693 2880 tuam
716 2815 915 2902 perpendere
938 2816 1072 2914 quirem,

143 2901 331 2987 Privignum
354 2899 506 2989 prohibes
551 2901 584 2964 ui
607 2911 684 2965 nato
706 2901 763 2964 iun
786 2923 839 2967 ere
861 2897 962 2966 herib.

142 2987 295 3051 Imminet
317 3009 392 3052 ecce
415 2985 494 3068 dica,
545 2985 623 3049 uriis
647 3007 741 3072 comp
778 3007 831 3050 sus
853 2984 989 3068 acerbis,

142 3070 185 3134 Ni
209 3071 289 3135 deus
311 3081 442 3153 avertat,
464 3081 532 3136 toto
553 3069 641 3134 Mars
663 3072 785 3136 saeviet
807 3067 894 3152 orbe,

144 3153 287 3221 Crimine
308 3176 439 3243 paxque
460 3165 516 3220 tuo
540 3155 664 3220 cunctis
685 3154 827 3242 optanda
847 3152 968 3220 silebit!

142 3246 194 3311 58.
228 3247 290 3312 His
313 3248 502 3334 conscriptis
517 3244 676 3329 versibus,
697 3257 788 3312 sexto
806 3245 916 3311 Nonas
938 3243 1089 3313 Octobris
1108 3244 1249 3311 horaoet·
1266 3262 1288 3302 2·

54 3333 192 3415 decima,
216 3355 257 3398 ex
279 3330 334 3397 illa
355 3332 518 3421 quondam
542 3329 785 3420 opulentissima
800 3342 832 3398 et
845 3330 1078 3413 florentissima,
1100 3353 1187 3396 nunc

54 3415 214 3500 famelica,
236 3419 376 3505 periura,
403 3416 568 3500 mendace,
596 3415 716 3501 dolosa,
745 3437 879 3504 rapace,
912 3412 1048 3503 cupida,
1078 3437 1185 3498 avara,

53 3500 226 3568 cenodoxa
248 3503 377 3569 civitate
400 3524 474 3567 cum
496 3502 636 3568 diasoste
661 3523 735 3567 meo
761 3501 855 3568 lintre
884 3521 1042 3588 egressus,
1071 3497 1185 3567 diebus

54 3585 272 3674 quadraginta
294 3597 326 3653 et
345 3608 472 3671 novem,
494 3585 660 3669 asinando,
681 3585 876 3653 ambulando
909 3583 1092 3674 equitando,
1107 3584 1253 3650 ieie-lton
1270 3598 1308 3642 ²0·
1351 3623 1355 3633 ·

53 3671 174 3754 nando,
196 3671 343 3756 sitiendo,
357 3671 559 3761 suspirando,
573 3670 690 3755 flendo,
704 3670 863 3760 gemendo
877 3636 1083 3757 llaupactum
1098 3669 1183 3753 veni,

55 3778 141 3845 quae
163 3765 212 3822 est
225 3754 419 3845 Nicopoleos
442 3758 564 3839 civitas,
586 3757 620 3822 in
643 3778 708 3844 qua
729 3755 885 3823 diasostes
906 3775 998 3821 meus
1019 3775 1072 3820 me
1092 3751 1183 3819 dese

53 3865 138 3925 rens,
160 3840 289 3907 duabus
309 3843 420 3929 parvis
441 3843 628 3929 impositum
649 3841 798 3925 navibus,
825 3837 954 3906 duobus
975 3859 1027 3904 me
1052 3834 1183 3904 manda·

55 4006 79 4058 a)
97 4019 168 4050 vocaus
184 4009 289 4059 supplevi.

57 4143 81 4206 1)
102 4141 206 4194 Leonis
226 4141 344 4194 Disconi
369 4143 432 4195 hist.
453 4142 478 4193 V
499 4159 522 4196 c.
544 4143 568 4195 1.
591 4140 622 4191 a:
656 4134 726 4213 ἀνὴρ
753 4133 865 4210 ἀνδρείᾳ
891 4137 936 4191 καὶ
963 4129 1191 4207 coporos-§dap

53 4213 147 4268 πᾶσαν
173 4208 306 4286 ἀδηρίτως
330 4209 500 4283 bnapssatvor
521 4211 569 4286 τὴν
592 4216 648 4267 κατ’
674 4208 755 4267 αὐτὸν
773 4207 876 4282 γενεὰν,
903 4204 1128 4284 ἐμπειρότατόςτε
1146 4208 1192 4262 καὶ
1252 4249 1255 4254 .

54 4282 268 4359 δραστικώτατος
287 4285 320 4341 τὰ
339 4271 467 4360 nortae,
489 4291 586 4358 Georg.
608 4287 781 4342 Hamartolos
801 4287 845 4340 ad.
865 4285 967 4340 Muralt
985 4301 1012 4354 p.
1032 4284 1097 4338 860.

923 4389 954 4437 11
