2932 4718
408 241 637 296 LIUDPRANDI
657 243 831 300 atomo.
871 247 991 299 ta-tt.
1221 250 1273 302 teo

131 433 214 501 quae
245 421 314 478 erat
339 413 408 480 sine
435 410 606 479 latitudine
631 410 739 501 longa,
768 413 988 502 Bulgarornm
1016 417 1177 502 nuntium,
1204 417 1334 500 Ila-m,

129 497 241 586 garico
265 519 355 564 more
377 507 519 582 tonsum,
541 520 643 564 aenea
664 512 779 565 catena
801 501 953 583 cinctum,
976 510 1009 568 et
1030 512 1067 568 nt
1084 525 1176 569 mens
1190 503 1272 572 mihi

129 583 286 671 suggerit,
314 583 595 667 catechumenum,
624 582 703 650 mihi
731 586 896 672 preponit3
927 585 970 652 ud
995 597 1138 655 vestram
1163 587 1270 676 plane,

128 667 252 734 domini
274 667 338 734 mei
361 669 501 769 augusti,
532 667 774 736 contumeliam.
818 669 858 736 In
878 668 973 737 vobis
997 683 1213 761 contemptus,
1235 675 1270 740 in

124 750 221 818 vobis
243 775 258 817 s
283 763 381 836 retus,
410 776 445 819 m
471 751 565 820 vobis
592 753 749 820 abiectus.
802 753 868 822 Sed
895 756 1018 842 gratias
1044 779 1107 847 ago
1136 757 1269 826 domino

125 835 203 905 Iesu
277 838 367 922 risto,
391 840 444 904 cui
466 860 525 905 vos
547 840 675 906 servitis
703 841 790 906 omni
814 840 933 929 spiritu
955 853 1073 924 vestro,
1104 842 1192 932 quod
1215 844 1271 911 ba-

124 919 213 988 bitus
228 945 301 989 sum
316 946 376 1012 pro
390 924 521 991 nomine
535 935 644 991 vestm
659 923 779 1025 dignus
794 923 1006 992 contumelias
1021 929 1100 1015 pati.
1133 927 1269 1014 Verum,

125 1007 250 1074 domini
276 1010 351 1093 mei,
384 1030 491 1076 meam
519 1031 587 1076 non
614 1009 825 1077 considerans
855 1011 913 1078 sed
936 1021 1079 1078 vestram
1105 1013 1268 1098 iniuriam,

124 1114 272 1160 mensam
294 1093 421 1184 reliqui.
466 1092 617 1183 Cumque
638 1094 811 1183 indignans
832 1096 923 1163 abire
945 1095 1071 1182 vallem,
1093 1097 1162 1165 Leo
1178 1119 1269 1165 coro

124 1177 260 1266 palates,
277 1180 488 1268 ,imperatoris
509 1179 617 1263 irater,
640 1191 674 1248 et
694 1192 788 1268 proto
811 1204 832 1247 a
853 1183 985 1248 secretis
1010 1180 1152 1266 Simeon,
1206 1204 1268 1252 one

123 1285 177 1330 me
213 1275 404 1355 sequuntur,
440 1263 522 1332 baec
557 1264 725 1332 latrantes:
769 1264 865 1333 ‘Oum
903 1264 1129 1358 Obristophon'
1167 1205 1268 1335 [diam

123 1348 251 1435 Petrus,
280 1349 497 1438 Bulgarorum
518 1349 670 1434 vasileus,
699 1353 874 1438 coniugem
902 1351 1044 1437 duceret,
1073 1352 1266 1442 symphona,

124 1432 232 1502 idest
264 1435 477 1502 consonantia
503 1438 636 1525 scripta,
662 1437 845 1503 iuramento
874 1435 1003 1504 firmata
1025 1449 1110 1521 sunt,
1139 1449 1177 1505 ut
1200 1461 1268 1505 om·

122 1520 214 1585 nium
240 1521 387 1609 gentium
417 1519 585 1609 apostolis,
620 1519 655 1586 id
684 1531 733 1587 est
761 1521 893 1605 nuntiis,
957 1544 1033 1589 enea
1063 1544 1122 1589 nos
1145 1522 1267 1612 Bulga·

120 1627 233 1670 rorum
255 1628 275 1671 a
299 1603 394 1673 ostoli
415 1617 649 1694 preponantur,
671 1605 880 1691 honorentur,
928 1607 1113 1695 ’ἰςιιιιιιιιῑο
1146 1605 1266 1696 Bulga·

119 1712 231 1756 rorum
266 1692 273 1707 '
300 1715 318 1758 e
350 1690 529 1780 apostolus,
562 1712 772 1780 quamquam,
805 1702 843 1758 ut
874 1690 958 1759 dicis
990 1704 1024 1760 et
1055 1715 1169 1760 verum
1206 1703 1266 1778 est,

119 1787 242 1860 tonsus,
270 1775 389 1860 illotus,
417 1786 450 1843 et
471 1786 587 1843 catena
607 1797 710 1843 aenea
736 1777 862 1844 cinctus
891 1777 942 1862 sit,
970 1779 1127 1866 patricius
1155 1790 1266 1845 umen

119 1871 179 1945 est,
207 1863 260 1927 cui
289 1862 481 2012 episcoplnm
509 1884 701 1950 preponere,
729 1860 934 1929 Franoorum
986 1863 1144 1947 resertim,
1172 1863 1265 1930 nefas

118 1945 334 2031 decernimus,
366 1947 403 2013 iu
427 1948 561 2014 ‘camus
616 1945 662 2015 Et
694 1949 849 2035 quoniam
880 1960 913 2015 te
945 1884 985 2014 id
1013 1946 1149 2048 indigne
1179 1948 1266 2050 ferre

118 2034 358 2132 cognoscimus,
391 2053 457 2098 non
489 2045 521 2100 te
550 2052 647 2132 nnnc,
678 2043 715 2097 ut
743 2043 851 2120 putas,
883 2031 927 2099 ad
953 2031 1133 2121 hospitium
1158 2033 1265 2102 redire

117 2139 264 2202 summus,
295 2116 353 2185 sed
380 2118 414 2182 in
442 2117 620 2184 diversorio
650 2116 793 2204 quodam
822 2140 898 2185 cum
926 2118 1132 2205 imperatoris
1160 2119 1265 2187 servis
1349 2144 1351 2148 ·

119 2199 232 2269 cibum
253 2212 386 2291 gustare
408 2200 653 2290 compellimus’.

203 2306 255 2372 20.
289 2306 418 2390 Quibus
445 2306 487 2374 ob
516 2302 808 2456 incomparabilem
835 2303 941 2371 cordis
969 2303 1117 2372 dolorem
1144 2303 1191 2371 nil
1213 2327 1263 2373 re·

117 2389 246 2478 spondi,
269 2391 327 2459 sed
350 2413 433 2481 quae
448 2393 612 2458 iusserant
639 2391 703 2473 eei3
725 2390 761 2455 in
786 2391 793 2406 ⁸
843 2388 1088 2473 quiudicans
1102 2411 1260 2475 mensam,

117 2498 184 2564 qua
205 2498 271 2542 non
292 2476 366 2543 dico
389 2476 478 2561 mihi,
500 2476 536 2543 id
558 2487 609 2544 est
629 2473 801 2562 Liudpran
866 2475 977 2565 episco
1003 2497 1032 2558 o,
1062 2475 1120 2543 sed
1141 2473 1263 2565 Bulga·

115 2583 229 2628 rorum
249 2563 383 2629 nuntius
404 2571 513 2628 vestro
535 2562 728 2651 preponitur
748 2560 874 2627 nunno.
906 2498 1102 2628 Sedlenivit
1116 2559 1262 2627 dolorem

115 2669 227 2712 meum
256 2648 435 2736 imperator
463 2657 594 2713 sanctus
623 2667 758 2712 munere
787 2666 917 2734 magno,
950 2647 1082 2712 mittens
1111 2643 1192 2712 mihi
1219 2666 1263 2712 ex

117 2730 358 2799 delicatissimis
380 2733 460 2800 cibis
483 2733 551 2799 suis
572 2731 714 2799 haedum
759 2731 903 2819 inguem,
926 2753 969 2797 ex
985 2733 1079 2821 quoi
1103 2752 1138 2797 se
1154 2751 1262 2797 come·

118 2816 221 2901 derat,
242 2816 327 2901 allio,
352 2839 443 2907 cepe,
458 2819 584 2906 porris²
595 2816 682 2884 laute
698 2753 955 2899 sudarcinatum,
971 2836 1052 2906 garo
1090 2814 1260 2900 alibutum,

117 2924 216 2992 quem
247 2899 377 2970 vestrae
410 2913 487 2969 tunc
520 2924 651 2969 mensae
679 2903 785 2969 inesse
819 2902 941 2989 optavi,
973 2912 1010 2968 ut
1039 2901 1097 2990 qui
1127 2899 1262 2968 delicias

116 2988 222 3054 sancti
243 2990 449 3076 imperatoris
470 2987 594 3055 faustas
617 3009 777 3054 essenon
803 2985 945 3070 creditis,
976 2984 1091 3053 saltem
1112 2984 1165 3052 his
1188 3008 1262 3074 per-

117 3074 239 3162 spectis
262 3072 448 3140 crederetis.

203 3159 256 3224 21.
289 3158 477 3224 Transactis
514 3179 592 3244 ergo
630 3167 703 3224 octo
740 3154 866 3239 diebus,
908 3168 985 3222 cnm
1020 3153 1157 3256 Bulguri
1193 3155 1260 3221 iam

113 3240 277 3327 abessent,
307 3255 428 3333 putans
453 3265 507 3310 me
533 3264 681 3309 mensam
708 3240 929 3329 magnifacere
955 3261 1059 3324 suam,
1086 3263 1121 3306 ιιι
1143 3238 1260 3307 eodem

112 3325 187 3396 loco
209 3352 263 3397 me
285 3329 363 3397 satis
385 3339 556 3417 aegrotum
577 3349 689 3394 secum
712 3329 886 3394 convivare
901 3327 1018 3414 coegit
1051 3323 1168 3390 Adfuit
1182 3346 1260 3391 cum

113 3412 264 3502 pluribus
286 3414 450 3504 episcopis
472 3424 505 3480 et
526 3411 743 3502 patriarcha⁸,
769 3410 888 3500 quibus
910 3407 1126 3499 presentibus,
1148 3407 1260 3499 plures

113 3497 195 3565 mibi
226 3500 432 3588 quaestiones
459 3498 500 3565 de
530 3498 700 3588 scripturis
727 3498 828 3564 sactis
857 3497 1040 3586 proposuit,
1070 3515 1153 3583 quas
1181 3515 1258 3560 cum
1308 3519 1310 3522 ·

114 3584 233 3674 spiritu
263 3595 375 3651 sancto
404 3582 537 3651 afflante
565 3582 730 3672 eleganter
758 3582 908 3671 exposui,
938 3581 1115 3648 novissime
1136 3589 1257 3679 antem,

113 3681 151 3737 ut
172 3670 215 3737 de
235 3669 330 3736 vobis
351 3667 467 3736 ludum
488 3668 633 3753 haberet,
656 3690 737 3758 quas
752 3666 894 3755 synodos
909 3665 1104 3734 haberemus
1118 3684 1233 3753 rogavi

114 3753 179 3822 Oui
209 3776 284 3821 oum
306 3754 475 3839 Nicenam,
503 3752 814 3836 Chalcedonensem,
842 3749 1052 3841 Ephesinam,
1080 3746 1259 3816 Antioche·

114 3921 138 3973 a)
155 3911 278 3974 indignam
293 3922 405 3972 leonum
420 3921 506 3977 vidam
522 3919 544 3963 0,

43 4016 48 4024 ¹
114 4054 144 4124 1)
165 4054 208 4108 ct.
227 4071 309 4125 snpra
329 4071 354 4108 c.
375 4055 419 4120 to,
444 4009 513 4107 Ani..
526 4053 571 4106 111
591 4069 614 4106 c.
634 4051 679 4116 38,
701 4052 802 4120 Georg.
821 4015 950 4104 Monacb.
969 4010 1005 4102 'da
1027 4048 1207 4102 constantino
1228 4053 1256 4100 ct

109 4130 233 4182 Romano
255 4145 278 4182 c.
300 4129 420 4182 tao-at.
457 4129 521 4181 Hoc
543 4127 640 4181 foedus
660 4126 854 4180 Constantinus
883 4123 1030 4178 admodum
1049 4124 1188 4192 vituperat
1206 4119 1254 4188 (de

110 4204 214 4257 admin.
232 4205 298 4273 imp.
318 4220 343 4257 c.
365 4205 408 4269 ta,
428 4222 455 4273 p.
476 4202 534 4269 87).
612 4200 642 4268 2)
663 4199 705 4255 ct
724 4201 795 4254 infra
814 4216 839 4253 c.
859 4199 905 4253 82.
925 4198 971 4251 40.
1049 4197 1077 4266 3)
1093 4196 1255 4250 Patriarcha

109 4278 156 4332 hic
174 4279 227 4330 tuta
245 4277 419 4345 Polystratus.
440 4276 469 4332 C.

987 4374 1022 4424 10
