2932 4718
179 266 245 317 xlv
506 293 512 301 -
543 263 750 318 Pnnnssslo
770 265 956 319 EDITORIS.

184 432 281 511 Quot
303 433 453 499 ultimum
476 443 532 514 est,
554 432 676 521 reliqui
697 456 807 500 omnes
827 433 905 521 fere
929 435 1056 501 codices
1078 459 1101 502 a
1123 444 1235 502 nostro
1261 436 1316 502 ele·

179 519 332 585 scindere
355 518 519 600 sidentur,
539 518 589 582 ita
603 528 640 582 ut
654 516 704 584 vel
719 528 836 605 aperta
852 529 881 585 et
893 518 1088 607 sinqularia
1103 544 1216 586 eorum
1231 522 1317 587 vitia

179 613 209 669 et
230 603 375 689 defectus
394 601 558 704 quomodo
580 601 665 705 male
687 602 845 669 intellecto
872 613 986 705 nostro
1011 614 1084 670 orta
1107 607 1176 671 sint
1192 605 1315 672 intelle·

139 709 144 717 ·
179 685 442 837 qatumddigqqezus
464 709 514 754 ree
534 685 689 773 plurima
718 686 927 774 exemplam
951 690 1227 755 annotationibus
1250 692 1316 756 cri·
1420 741 1422 745 .

180 782 377 924 ‘²⁰²⁸qu
399 818 543 922 codicem
571 865 707 940 nactus,
736 828 809 923 eum
831 858 878 927 acl
899 857 1042 924 litteram
1063 858 1316 961 exprimendum

181 943 304 1023 censui,
327 938 417 1026 quocl
437 962 566 1006 summa
588 940 765 1028 oliliqeutia
776 940 922 1026 factum,
951 952 981 1008 et
996 943 1215 1029 paucissimis
1239 952 1314 1009 tan·

181 1035 248 1091 tum
277 1026 315 1091 in
345 1022 435 1106 loeis,
464 1025 523 1090 ubi
554 1034 721 1092 auctorem
749 1025 851 1113 lapsu
873 1027 997 1092 calami
1019 1029 1211 1114 scripsissel
1236 1051 1313 1094 con·

181 1110 299 1191 stabat,
328 1107 447 1175 adana
475 1118 584 1175 tamen
613 1111 737 1176 coelicis
764 1110 910 1196 lectione,
940 1110 981 1176 ab
1010 1134 1050 1177 eu
1071 1134 1231 1177 recessum
1258 1121 1325 1184 est.

182 1194 238 1260 Aa
259 1193 490 1260 Monacenseni
508 1197 661 1280 pronime
684 1194 811 1261 accedit
1204 1217 1206 1221 ⁴

267 1278 301 1363 2)
326 1276 361 1346 0.
382 1300 419 1342 re
442 1280 497 1343 ius
518 1277 748 1345 Bruxellensis
770 1278 855 1346 9904
877 1279 1007 1344 membr.
1029 1280 1067 1344 in
1089 1281 1141 1344 4⁰.
1165 1301 1251 1345 saec.
1273 1279 1314 1344 X.

182 1371 318 1430 anaante
346 1364 383 1427 in
415 1300 600 1429 baunonia
629 1373 800 1445 exaratus,
829 1365 889 1450 qui
915 1363 1046 1431 soeculo
1076 1363 1147 1429 XV.
1199 1361 1317 1431 Codex

182 1447 285 1513 saneti
306 1446 436 1512 martini
457 1446 492 1511 in
514 1447 695 1534 spanheym
716 1450 902 1535 inscriptus
924 1458 979 1513 est.
1016 1449 1104 1514 Eum
1120 1471 1210 1514 anno
1230 1448 1316 1516 1826

182 1533 349 1619 inteqrum
369 1535 407 1596 in
429 1553 511 1596 usus
537 1541 667 1598 nostros
696 1535 850 1614 conuerti,
882 1541 917 1598 at
938 1557 978 1598 ue
1000 1555 1015 1598 e
1038 1533 1237 1599 Monacensi
1260 1533 1314 1598 cle-

182 1618 343 1701 scriptum
364 1616 402 1679 in
418 1616 609 1680 Annalibus
632 1619 755 1682 nostris
773 1619 807 1683 T.
834 1616 904 1699 VII,
917 1555 991 1684 q396
1036 1617 1163 1684 robavi.
1197 1616 1315 1704 Scrip-

182 1711 277 1766 turas
298 1701 460 1786 specimen
482 1700 581 1765 babes
602 1701 640 1765 in
662 1700 777 1766 tabula
798 1711 882 1767 tomo
897 1701 956 1765 III
968 1700 995 1768 S
1024 1703 1188 1768 .aelieeto.
1221 1702 1315 1767 Idem

182 1785 294 1866 eaden,
317 1793 478 1870 quantum
497 1782 626 1850 collatis
640 1784 720 1850 locis
734 1787 888 1851 ircdieare
902 1786 986 1867 licet,
1011 1787 1185 1852 Ibitbemio
1201 1784 1315 1872 Span·
1327 1865 1334 1872 ..

183 1869 342 1953 beimensi
363 1868 409 1934 acl
429 1892 550 1934 neamus
561 1867 675 1954 fuisse
697 1870 836 1935 violetur.
869 1871 1079 1936 Exciderunt
1098 1873 1167 1936 iam
1204 1879 1315 1934 eiater-

185 1955 300 2019 niones
321 1952 368 2016 II.
390 1962 419 2017 et
441 1953 524 2017 IIII.
549 1977 622 2019 eum
644 1953 716 2018 Lib.
739 1954 766 2036 1,
792 1955 905 2035 1-13,
929 1964 959 2019 et
973 1955 1019 2036 II,
1041 1953 1148 2019 3-34
1186 1976 1238 2018 ere
1260 1955 1314 2018 in·

184 2040 295 2125 teqris,
318 2045 353 2101 at
375 2060 415 2103 ue
431 2060 483 2123 pu
509 2039 569 2103 ina
592 2061 660 2125 qua
673 2037 760 2122 finis
782 2037 803 2102 l.
828 2039 860 2104 V.
883 2063 909 2103 c.
933 2038 984 2107 32.
1008 2049 1076 2104 tum
1097 2037 1150 2104 33.
1165 2047 1195 2102 et
1210 2060 1314 2122 arqu-

182 2131 326 2188 mentum
347 2059 427 2186 bort
456 2060 507 2187 VI
531 2121 760 2187 continebatur
766 2145 779 2205 ,·
807 2132 836 2188 et
859 2124 939 2189 arelo
962 2125 1219 2211 quaternionum
1242 2107 1315 2186 Fri-
1411 2183 1413 2188 2

185 2208 391 2294 sinqcnsium
418 2205 468 2271 VJ.
490 2215 520 2271 et
546 2205 634 2271 VIII.
658 2206 826 2293 quonlam
849 2207 1000 2272 turbatus
1023 2206 1135 2294 effecit,
1166 2215 1202 2270 ut
1224 2205 1315 2272 locus

184 2293 312 2379 inteqer
332 2290 413 2356 inde
436 2288 477 2356 ab
503 2300 699 2377 arqumento
720 2315 796 2380 cap.
814 2292 853 2357 31
875 2291 956 2360 libri
975 2291 1031 2357 IV.
1076 2291 1128 2357 De
1145 2289 1314 2356 Friderieo

186 2398 289 2462 usque
312 2375 359 2440 acl
378 2376 478 2441 uerba
500 2376 623 2462 capitis
645 2374 696 2440 24.
718 2377 863 2442 eiusdem
892 2377 971 2443 libri
991 2375 1087 2441 Hans
1108 2375 1209 2462 igitur
1231 2373 1316 2440 Con-

186 2459 328 2543 stantini,
350 2459 457 2526 medio
478 2462 517 2525 in
539 2462 648 2546 eapite
672 2460 749 2543 tis.
773 2472 848 2527 ante
870 2459 957 2526 solus
973 2460 1132 2562 impetum
1146 2459 1319 2526 sustineret

186 2547 314 2610 inserta
337 2544 532 2610 babeantur.
580 2543 726 2611 Ceterum
755 2547 918 2611 *uorsnisi
940 2545 1052 2612 tntu
1074 2544 1203 2610 derebus
1226 2545 1317 2610 cocli-

75 2630 279 2699 'ntthcibus
300 2626 450 2694 ultimum
471 2627 550 2694 libri
579 2628 630 2693 VI.
653 2639 754 2714 caput
774 2632 940 2717 inteqrum
963 2638 1061 2695 entat.

271 2712 309 2795 3)
335 2711 369 2779 O.
393 2713 503 2777 Musei
527 2711 727 2780 Britannici
754 2714 841 2779 inter
868 2713 1074 2779 Harleianos
1103 2713 1147 2777 N.
1170 2712 1254 2779 2688
1277 2713 1317 2777 in

176 2797 243 2883 fol.
270 2796 461 2863 membrana
490 2806 519 2862 et
547 2799 717 2863 scritura
745 2797 871 2864 saeculi
892 2798 987 2863 XIII.
1011 2797 1116 2880 Italis,
1144 2819 1185 2862 en
1207 2797 1319 2863 coelice

186 2903 340 2948 manasse
362 2883 494 2947 videtur
515 2819 660 2969 siliquiis
682 2883 958 2969 quaternionibus
980 2904 1108 2962 manco,
1132 2883 1192 2968 qui
1209 2890 1319 2945 tamen

187 2968 307 3053 etipse
329 2987 370 3030 en
392 2966 602 3052 Ibisinqenss'
623 2966 768 3033 sednon
791 2989 831 3033 en
854 2990 889 3032 eo
912 2967 1018 3033 solum
1041 2966 1211 3032 cler-inatus
1228 2975 1318 3032 esset.

185 3051 256 3116 Lib.
272 3050 300 3131 I,
315 3049 357 3114 42
372 3060 494 3114 tentum
509 3050 714 3137 sinqularem
729 3051 864 3135 subibat,
880 3052 926 3134 II,
942 3053 973 3118 6.
988 3061 1018 3116 et
1031 3049 1167 3132 26-40,
1180 3047 1318 3116 45-66.

188 3136 251 3218 HI,
274 3135 418 3200 26-1V.
441 3137 471 3201 6.
503 3135 562 3216 IV,
585 3136 700 3201 9-14.
718 3135 796 3222 fere
825 3138 960 3200 intera
987 3135 1232 3215 desiderantur,
1262 3134 1320 3200 secl

186 3221 319 3286 lacunis
341 3219 435 3285 barsel
455 3219 627 3285 inclinatis.
661 3221 796 3286 Desinit
817 3221 872 3286 lib.
895 3161 928 3301 I),
947 3219 985 3285 18
1008 3222 1047 3285 in
1069 3219 1177 3284 verbis
1200 3240 1234 3284 se
1250 3218 1321 3304 regi

187 3301 392 3371 seminudum
425 3302 616 3370 ostenderet.
674 3307 810 3371 Tectum
842 3307 950 3392 capite
978 3304 1013 3386 I,
1046 3302 1088 3367 42
1120 3302 1260 3368 eundem
1292 3311 1321 3367 et

187 3388 329 3454 lacunas
356 3388 486 3454 easdem
508 3388 554 3469 II,
583 3390 603 3454 6
634 3398 730 3477 atque
751 3389 803 3470 II,
833 3388 961 3455 45-66
990 3388 1155 3470 subibant,
1182 3387 1321 3474 ideoque

188 3474 235 3539 acl
260 3473 397 3539 eandem
429 3471 566 3538 classem
598 3472 766 3558 referendi
798 3483 876 3538 sunt
909 3473 1035 3540 codices
1066 3471 1250 3559 complures
1282 3471 1321 3535 in

188 3557 330 3625 Austria
352 3581 375 3622 a
395 3580 444 3622 me
465 3555 586 3623 evoluti
594 3582 604 3621 :

272 3641 327 3726 3¹)
354 3642 387 3709 C.
417 3639 491 3706 bibl.
522 3641 700 3707 Palatinae
727 3640 985 3707 lsindobonensis
1008 3641 1071 3707 427
1100 3641 1190 3728 (bist.
1222 3637 1314 3724 prof.

188 3725 232 3792 N.
255 3726 333 3810 338)
349 3725 480 3805 membr.
502 3748 586 3791 saec.
598 3725 675 3791 XII.
699 3727 794 3791 cuius
815 3723 967 3791 lectiones
990 3726 1117 3812 aliquot
1137 3726 1175 3790 in
1199 3724 1318 3788 Mura-

189 3812 268 3876 torii
290 3810 353 3878 SS.
376 3810 422 3875 II.
446 3810 487 3891 B,
514 3810 594 3876 1089
627 3835 642 3876 s
664 3834 693 3897 q.
722 3810 844 3876 allatae
872 3820 949 3876 sunt
955 3833 968 3893 ;
997 3810 1119 3876 desinit
1147 3809 1318 3895 incapite

188 3895 252 3977 III,
276 3896 327 3961 37.
352 3901 361 3935 ‘
384 3895 466 3959 rimo
491 3894 617 3959 snitum·
671 3895 778 3958 omino
801 3893 926 3960 Amen’.

274 3980 333 4067 3b)
360 3917 490 4046 &bibl
515 3977 905 4065 Claustroneoburqensis
925 3979 1054 4045 membr.
1077 4000 1162 4043 saec.
1185 3975 1263 4040 XII.
1286 3977 1322 4041 in

191 4121 219 4191 1)
240 4126 397 4178 Sententiae
418 4126 540 4179 Graecae
565 4131 720 4178 constanter
745 4127 784 4176 ita
811 4125 970 4187 scribuntur,
998 4129 1028 4175 nt
1053 4124 1168 4192 primum
1188 4120 1324 4172 vocabula

189 4198 316 4325 graece,
337 4206 393 4252 tum
419 4201 547 4268 impositu
572 4201 611 4251 eis
635 4201 824 4268 pronunciatio
845 4199 953 4261 Latius,
973 4203 1030 4249 tum
1050 4212 1114 4248 vero
1134 4196 1322 4264 interprststio

214 4275 289 4325 stine
320 4280 423 4341 egetur.
