2932 4718
122 305 125 311 .
213 258 250 308 at
361 253 1048 323 nmnrninniitursfonosis.nin.11.
1090 257 1208 309 14-15.

151 447 202 492 eoo.
213 425 401 493 huiusmodi
420 422 516 513 apolo
541 425 605 490 ‘am
627 430 826 508 απολογιιαν,
848 424 951 494 idest
966 428 1221 515 responsionem,
1243 428 1354 495 remit·

213 523 301 580 tunt:
334 510 381 580 ‘Si
402 532 465 577 con
539 510 617 576 'tum
639 509 743 594 nobis,
775 511 947 598 presertim
967 533 988 577 a
1009 512 1198 580 contraditis
1219 514 1351 603 iainque

215 598 350 667 canibus
388 597 540 681 mortuis,
576 617 694 662 munus
730 595 964 684 reciperemus,
1000 597 1181 687 foedusque
1216 597 1352 688 aliquod

214 685 379 767 iniremus,
399 682 530 748 insanos
551 701 591 746 oa
612 681 657 748 ite
676 702 744 748 non
764 703 862 748 sanus
883 683 1005 751 iuraret
1025 681 1158 751 Orestes
1167 683 1207 749 l'1

164 795 206 852 (e.)
302 770 354 836 14„
386 766 459 834 Hac
480 766 581 867 igitur
628 767 779 856 ungarii·
792 765 952 855 legatione
968 767 1141 858 desperati,
1155 767 1301 836 collectis
1316 769 1352 834 in

216 876 330 922 unum*
339 852 532 935 fortissimis,
554 849 609 918 tali
632 874 704 919 sese
725 863 838 919 mutuo
861 875 1010 920 sermone
1031 853 1190 923 solantur:
1213 852 1260 922 ‘Si
1277 853 1360 937 bac,

217 961 300 1094 qnae
321 938 597 1026 inpresentiarum⁴
613 940 763 1020 cernitur,
795 935 869 1005 luce
895 939 1033 1028 perdita,
1061 937 1162 1007 nichil
1188 952 1237 1007 est
1264 937 1354 1028 quod

143 1101 148 1114 ⁸
239 1024 359 1094 sterius
391 1021 556 1113 proveniri
586 1023 688 1111 possit
720 1022 920 1107 hominibus,
959 1034 992 1091 et
1023 1026 1101 1114 quia
1136 1023 1228 1091 locus
1260 1045 1354 1126 preci

218 1109 335 1195 nullus,
354 1106 502 1197 sumendi
522 1129 598 1197 spes
620 1109 725 1175 omnis
739 1106 856 1191 ablata,
879 1106 962 1175 colla
980 1111 1180 1178 summittere
1194 1130 1280 1176 mori
1294 1118 1355 1193 est,

219 1195 300 1287 quid
320 1192 498 1262 verendum
520 1190 614 1259 nobis
635 1204 695 1277 est,
726 1191 790 1260 tela
810 1195 896 1262 inter
915 1197 990 1285 ipsa
1009 1217 1115 1280 ruere,
1143 1205 1247 1262 morte
1268 1215 1354 1260 mor·

148 1339 152 1349 .
219 1295 285 1350 tem
299 1277 440 1347 inferre?
460 1277 629 1367 Numquid
649 1301 715 1344 non
736 1278 893 1362 fortimae,
915 1290 948 1347 et
961 1302 1028 1347 non
1041 1279 1243 1348 inbecillitati
1258 1300 1354 1346 casus

219 1364 422 1457 deputandus
444 1374 493 1431 est
512 1362 646 1431 noster?
678 1363 823 1431 Viriliter
842 1367 929 1432 enirn
973 1367 1127 1454 ugnando
1149 1363 1354 1449 occumbere,

219 1474 285 1520 non
321 1461 370 1518 est
405 1451 505 1530 mori,
542 1448 599 1516 sed
634 1451 753 1516 vivere.
808 1449 904 1517 Hanc
952 1473 1061 1518 amam
1096 1462 1231 1535 tantam,
1268 1449 1355 1517 hanc

125 1558 128 1568 ·
220 1539 439 1626 κλιρονομείαν
466 1535 686 1617 clironomian,
712 1533 747 1602 id
774 1547 823 1603 est
848 1535 1069 1622 hereditatem,
1096 1546 1133 1603 ut
1156 1559 1180 1603 a
1205 1532 1355 1627 patribus

220 1624 338 1691 nostris
374 1621 574 1710 accepimus,
616 1621 733 1687 nostris
775 1622 873 1687 etiam
914 1620 1134 1712 relinquamus
1169 1621 1355 1690 heredibus.

220 1709 324 1776 Nobis
345 1707 511 1791 debemus,
533 1705 627 1771 nobis
650 1703 762 1772 saltem
791 1707 922 1774 credere
951 1709 1128 1796 expertis¹,
1163 1709 1219 1798 qui
1245 1709 1355 1808 copia·

221 1817 294 1861 runi
320 1792 482 1881 paucitate
509 1812 743 1879 nonnunquam
769 1791 926 1879 plurimos
956 1793 1139 1860 ansuinus.
1189 1790 1355 1859 lnvahdae

221 1878 326 1970 plebis
348 1899 426 1944 sane
451 1877 660 1964 congregatio
687 1875 826 1964 plurima
854 1876 897 1943 ad
924 1878 1037 1946 cedem
1067 1890 1116 1946 est
1144 1887 1269 1945 tanturn
1300 1899 1356 1943 ex·

221 1965 338 2056 posita
380 1961 449 2030 Sed
476 1971 508 2029 et
528 1961 617 2027 Mars
638 1962 824 2050 fugentem³
852 1965 1041 2052 saepissime
1067 1964 1231 2053 perhimit,
1263 1962 1358 2030 dimi-

221 2060 348 2118 cantem
370 2048 493 2114 fortiter
513 2047 664 2136 protegit.
708 2047 754 2112 Hi
781 2048 867 2114 enim
895 2049 952 2137 qui
980 2048 1075 2116 nobis
1097 2047 1357 2152 supplicantibus

220 2158 288 2202 non
322 2134 528 2216 miserentur,
562 2133 726 2220 ignorant,
763 2153 868 2222 neque
904 2143 1012 2202 mente
1044 2135 1242 2236 percipiunt,
1279 2132 1358 2222 quia

221 2222 352 2288 vincere
395 2217 505 2284 uidem
530 2216 653 2284 bonum
683 2228 740 2301 est,
770 2219 999 2307 supervincere
1020 2223 1118 2286 minis
1139 2218 1357 2287 invidiosum&

96 2328 160 2380 seps
176 2329 212 2371 ii.
310 2305 359 2372 15.
426 2325 465 2370 ac
479 2303 590 2390 itaque
604 2303 850 2370 eiibortationeb
870 2314 1048 2393 utcumque
1069 2306 1195 2372 animos
1208 2303 1359 2388 recreati,

222 2401 288 2458 tres
308 2392 344 2457 in
364 2400 471 2477 partes
492 2387 626 2454 insidias
648 2398 784 2476 ponunt,
806 2399 895 2456 recta
915 2391 980 2478 ipsi
1001 2388 1138 2457 fluvium
1159 2387 1359 2457 transeundo

222 2476 331 2544 hostes
353 2475 388 2540 in
409 2473 533 2540 medios
554 2485 662 2540 ruunt
706 2472 964 2541 Christianorum
994 2477 1081 2542 enim
1107 2474 1239 2563 plurimi
1258 2473 1359 2626 longa

224 2572 356 2651 propter
376 2558 589 2626 internuntios
611 2559 836 2645 expectatione
856 2559 993 2647 fatigati,
1039 2584 1075 2628 er
1095 2569 1211 2644 castra,
1233 2570 1271 2627 nt
1284 2560 1316 2625 ci

94 2647 97 2654 “
223 2654 455 2728 recrearentur,
489 2642 744 2727 descenderantp
770 2665 851 2733 quos
881 2653 972 2711 tanta
1035 2645 1164 2748 ungarii
1193 2642 1357 2716 celeritate

225 2729 443 2812 confoderant,
465 2730 557 2797 utin
577 2725 655 2816 gula
675 2727 785 2795 cibum
805 2730 918 2797 transii
943 2743 1033 2800 erent
1054 2729 1134 2814 aliis,
1180 2727 1357 2797 uibusdam

225 2817 317 2906 equis
339 2815 449 2903 lugam
471 2823 628 2902 negarent
649 2812 773 2898 ablatis,
795 2836 899 2903 eoque
918 2753 989 2882 dlos
1004 2816 1106 2884 levius
1120 2838 1180 2905 per
1203 2816 1211 2832 '
1247 2814 1357 2897 ebant,

225 2923 289 2990 quo
312 2902 380 2967 sine
403 2901 493 3001 equis
521 2920 576 2965 eos
602 2921 672 2966 esse
695 2910 940 2986 conspexerant.
992 2900 1047 2968 Ad
1068 2909 1281 2990 augmentum
1303 2899 1357 2968 de·

224 2987 324 3074 nique
352 2985 541 3087 perditionis
572 2983 821 3050 christianorum
849 3007 916 3053 non
948 3008 1051 3076 parva
1082 2988 1167 3055 inter
1199 3007 1256 3053 eos
1289 2993 1358 3075 erat

225 3070 398 3138 discordia.
446 3068 600 3137 Nonnulli
638 3067 732 3157 plane
764 3069 943 3158 Hungariis
976 3094 1041 3138 non
1074 3071 1179 3138 solum
1211 3091 1357 3160 pugnam

225 3179 291 3223 non
311 3155 500 3239 inferebant,
523 3155 581 3223 sed
607 3165 643 3220 ut
671 3156 814 3242 proximi
841 3157 993 3225 caderent
1019 3156 1227 3242 anhelabant3
1259 3165 1358 3258 atque

226 3240 267 3306 ad
289 3241 352 3307 hoc
372 3242 517 3329 perversi
536 3241 601 3342 ipsi
615 3262 768 3328 perverse
784 3241 937 3326 fecerant,
960 3245 1108 3331 quatinus
1123 3241 1201 3323 dum
1216 3241 1358 3331 proximi

227 3325 388 3409 caderent,
411 3324 471 3392 soli
492 3328 555 3413 ipsi
577 3327 671 3414 quasi
692 3325 825 3393 liberius
846 3338 1028 3416 regnarent.
1071 3326 1231 3411 Quidum
1249 3324 1359 3415 proxi·

227 3433 354 3478 morum
375 3411 622 3478 necessitatibus
645 3411 817 3478 subvenire
843 3435 883 3478 ne
908 3410 1019 3501 legimt
1044 3435 1222 3501 eorumque
1243 3432 1359 3490 necem

24 3506 26 3511 '
153 3551 155 3554 .
227 3495 374 3598 diligunt,
397 3497 460 3584 ipsi
482 3498 652 3596 propriam,
668 3497 846 3562 incurrunt.
917 3499 1034 3585 ugiunt
1054 3501 1165 3587 itaque
1184 3496 1361 3578 christiani,

227 3593 419 3670 seviuntque
438 3603 570 3682 pagam,
593 3593 625 3648 et
647 3582 702 3669 qui
725 3583 815 3669 prius
837 3581 1021 3671 supplicare
1042 3583 1230 3650 muneribus
1247 3581 1359 3671 nequi·

226 3666 316 3751 bant,
338 3664 596 3770 supplicantibus
618 3666 827 3755 postmodum
848 3682 1002 3755 parcere⁰
1023 3669 1220 3737 nesciebant.
1256 3667 1359 3733 Inter·

228 3753 320 3820 fectis
342 3751 482 3840 denique
503 3751 687 3840 fugatisque
716 3752 910 3837 christianis,
941 3756 1050 3821 omnia
1077 3753 1239 3842 Hungaiii
1267 3751 1360 3841 regni

228 3836 300 3905 loca
322 3837 495 3906 saeviendo
518 3846 718 3925 percurrunt
762 3837 876 3926 Neque
905 3851 983 3921 erat,
1011 3840 1068 3928 qui
1097 3859 1208 3905 eorum
1230 3859 1362 3926 presen-

229 4050 252 4102 a)
261 4052 355 4101 nutarit
364 4053 385 4090 1.
416 4048 926 4100 blexliorationsl.exhortationsrorr.eum
937 4052 1059 4093 Hurotorio
1067 4050 1169 4102 ‘tf-Ml·
1199 4047 1362 4103 cnutoni-

232 4242 258 4302 ι)
279 4238 352 4290 9012.
373 4236 430 4288 sai.
450 4231 504 4295 ιιι,
525 4215 587 4281 tie.
664 4231 692 4294 ι)
712 4230 754 4284 ci.
774 4231 854 4284 oei.
874 4234 949 4288 rasi.
966 4234 999 4295 v,
1014 4234 1080 4284 eru
1100 4231 1130 4283 si
1149 4231 1225 4285 iuvat
1244 4231 1365 4301 expetes

231 4312 350 4366 credere.
426 4303 457 4374 3)
476 4309 495 4359 i.
515 4322 539 4359 e.
558 4305 716 4373 lugientem.
