2932 4718
283 209 515 264 sinuessam
534 189 802 264 sarmonosis.
842 208 916 261 ms.
936 209 985 261 rr.
1019 207 1102 261 s-s.
1164 267 1168 272 ,
1216 210 1267 260 121

126 401 278 446 mensura
306 402 327 444 a
356 390 441 447 terra
471 377 633 445 elevatum
664 379 776 445 sedere
805 378 885 461 vidi,
916 399 995 444 mox
1024 378 1095 445 aliis
1118 379 1267 448 indutum
1279 394 1329 438 ⁹4⁹·

124 464 270 532 vestibus
292 487 413 554 poenes
437 463 553 531 domus
574 463 708 553 laquear
734 464 848 531 sedere
878 465 1049 552 prospexi,
1079 464 1167 554 quod
1191 488 1266 555 qua·

124 549 197 618 liter
224 550 325 634 fieret,
356 551 499 637 cogitare
525 571 592 615 non
621 549 723 638 potui,
753 550 816 615 nisi
841 547 924 615 forte
953 571 992 616 eo
1022 552 1063 617 sit
1091 549 1268 618 subvectus

95 647 110 705 .’
125 635 250 723 argalio
263 649 283 719 ¹,
330 658 372 702 uo
388 634 599 702 torcularium
614 633 747 702 arbores
763 633 997 701 subvehuntur.
1030 635 1095 702 Per
1109 658 1144 702 se
1158 647 1268 704 autem

124 733 202 788 tunc
224 659 463 806 nihilqlocutus,
486 723 649 810 quoniam,
672 729 705 786 et
727 721 754 785 si
768 718 876 802 vellet,
898 720 1109 810 intercapedo
1125 723 1270 789 maxima

124 806 317 872 indecorum
339 806 470 887 faceret,
504 805 545 873 de
565 807 635 871 vita
655 804 847 893 Berengarii
870 816 902 871 et
923 806 1078 894 sospitate
1099 829 1158 895 per
1179 805 1269 897 logo·

123 892 246 958 thetam
270 902 319 958 est
340 901 559 980 percontatus.
597 890 659 958 Oui
676 912 751 956 cum
767 911 864 956 conse
889 902 1003 958 uenter
1016 891 1268 993 respondissem,

123 978 298 1066 interprete
321 1000 394 1043 sum
414 978 571 1044 innuente
592 998 752 1064 egressus,
776 985 808 1043 et
820 976 855 1040 in
867 913 982 1043 datum
997 976 1077 1042 mrhr
1090 977 1269 1066 hospitium

123 1073 441 1218 moxssreegpqus,ec·
460 1147 524 1214 hoc
551 1148 664 1237 pigeat
690 1167 882 1230 memorare,
911 1145 991 1235 quid
1020 1158 1099 1214 tunc
1124 1169 1184 1236 pro
1206 1148 1322 1225 Bec.)

124 1234 275 1320 rengario
298 1235 430 1321 egerim,
454 1232 579 1300 scilicet
600 1242 637 1298 ut
658 1241 865 1320 agnoscatur,
888 1242 1010 1320 quanta
1030 1231 1118 1299 hunc
1134 1234 1269 1302 caritate

124 1317 305 1403 dilexerim,
334 1330 367 1385 et
394 1317 579 1384 cuiusmodi
607 1316 650 1384 ab
678 1339 716 1384 eo
746 1317 1069 1418 reconpensationem
1096 1340 1156 1406 pro
1186 1319 1269 1387 bene

123 1405 225 1553 gestis
255 1405 448 1505 acceperim.
500 1403 724 1490 Hispanorum
753 1403 859 1468 nuntir
887 1410 920 1469 et
947 1412 1132 1469 nummatus
1158 1403 1270 1472 Linte-

153 1488 244 1572 edus,
267 1488 391 1555 domim
412 1489 516 1555 nostri
537 1499 616 1554 tunc
637 1488 725 1574 regis
748 1485 879 1554 Ottonis
905 1487 1048 1571 nuntius,
1078 1511 1199 1576 magna
1226 1513 1270 1557 ex
1313 1526 1317 1531 -

125 1595 237 1639 eorum
261 1574 401 1640 dominis
423 1583 526 1662 parte,
548 1594 685 1640 munera
704 1572 895 1660 imperatori
911 1570 1124 1641 Constantino
1148 1573 1269 1642 detule-

123 1670 206 1724 rant
251 1658 325 1746 Ego
347 1680 425 1725 sero
448 1658 638 1746 Berengarii
668 1680 711 1724 ex
737 1666 830 1746 parte
856 1655 937 1722 nihil
957 1669 1067 1745 preter
1089 1658 1269 1748 epistolam,

124 1756 157 1810 et
178 1743 262 1809 hanc
284 1744 449 1810 mendatio
471 1743 613 1833 plenam,
636 1741 825 1810 detuleram.
878 1741 1040 1811 Estuabat
1065 1749 1178 1834 itaque
1203 1767 1269 1812 non

148 1850 241 1894 arum
272 1828 334 1895 hac
363 1850 422 1917 pro
451 1828 650 1896 verecundie
678 1829 817 1910 animus,
844 1838 877 1895 et
907 1826 987 1916 quid
1017 1850 1115 1917 super
1142 1829 1203 1896 hac
1233 1853 1268 1899 re

116 1852 255 1997 laceret,
279 1914 445 2002 cogitabat
466 1914 629 1982 attentius.
674 1913 826 1980 Estuanti
848 1922 958 1980 autem
980 1914 1114 1981 etmihi
1130 1916 1269 1983 nimium

123 1997 296 2066 fluctuanti
325 2021 417 2065 mens
446 1999 624 2087 suggessit,
655 1999 808 2087 quatinus
838 1995 938 2082 dona,
968 2020 1053 2088 quae
1080 2001 1269 2089 imperatori

124 2105 198 2151 mea
220 2107 263 2151 ex
284 2095 377 2173 parte
399 2083 589 2168 deuderam,
610 2084 801 2171 Berengarii
818 2103 860 2149 ex
875 2092 967 2172 parte
983 2085 1173 2171 conferrem,
1195 2107 1269 2174 par·

123 2192 267 2259 rumque
290 2192 408 2236 munus
453 2180 529 2236 rout
542 2191 673 2259 possem
687 2168 797 2236 verbis
814 2190 964 2236 ornarem
975 2181 998 2234 ¹.
1030 2168 1145 2258 Optuli
1158 2183 1291 2239 autem·

123 2253 240 2321 loricas
263 2256 403 2343 optimas
526 2304 535 2339 ,
556 2266 649 2321 scuta
672 2276 690 2321 o
714 2255 795 2320 tima
810 2275 886 2320 cum
901 2252 998 2321 bullis
1012 2254 1177 2324 deauratis
1192 2255 1267 2342 VII,

70 2384 72 2387 .
124 2361 247 2428 coppas
277 2350 447 2427 argenteas
469 2339 643 2407 deauratas
701 2389 708 2422 ,
737 2361 841 2422 enses,
869 2337 1010 2423 lanceas,
1039 2362 1151 2426 verua,
1179 2364 1269 2408 man·

124 2426 211 2514 cipia
232 2425 333 2491 ΙΙΙΙΜ
361 2425 567 2509 carzimasia,
597 2425 786 2513 imperatori
814 2425 988 2491 nominatis
1018 2425 1169 2494 omnibus
1195 2449 1268 2528 pre-

106 2536 109 2541 ·
124 2511 271 2576 ciosiora.
304 2508 539 2577 carzimasium
555 2518 664 2577 autem
678 2509 778 2577 Greci
791 2519 913 2575 vocant
927 2512 1105 2598 amputatis
1119 2510 1268 2580 virihbus

123 2603 155 2662 et
176 2596 271 2682 virga
292 2618 430 2684 puerum
459 2595 659 2679 eunuchum,
688 2592 776 2683 quod
797 2592 1048 2663 verdunensem·
1071 2606 1267 2665 mercatores

28 2677 30 2686 '
123 2678 164 2747 ob
186 2681 371 2746 inmensum
393 2680 520 2747 lucrum
542 2680 661 2764 facere,
684 2681 771 2747 etin
794 2679 990 2768 Hispaniam
1011 2680 1133 2751 ducere
1153 2681 1266 2750 solent.

208 2767 238 2832 t.
260 2765 323 2831 His
345 2768 391 2833 its
405 2768 515 2855 gestis,
537 2767 716 2853 imperator
730 2787 783 2831 me
798 2775 873 2854 post
887 2764 1032 2832 triduum
1048 2766 1091 2834 ad
1110 2765 1267 2857 palatium

121 2871 239 2916 vocare
268 2853 426 2953 precepit,
456 2852 656 2941 proprioque
685 2872 815 2917 mecum
847 2871 903 2917 ore
931 2848 1070 2938 locutus,
1093 2852 1136 2920 ad
1159 2854 1267 2919 convi-

121 2937 214 3001 vium
235 2937 396 3021 invitavrt,
419 2958 605 3026 magnoque
627 2947 703 3024 post
724 2936 911 3002 convivium
933 2958 986 3002 me
1008 2958 1164 3027 meosque
1181 2959 1268 3006 asse·

123 3018 214 3086 culos
236 3043 371 3089 munere
394 3020 536 3088 donavit.
580 3021 705 3087 Verum
729 3021 807 3109 quia
833 3020 988 3087 narrandi
1011 3044 1046 3091 se
1068 3024 1198 3090 occasio
1220 3024 1268 3088 in-

120 3103 204 3190 tulit,
228 3105 333 3194 qualis
356 3108 425 3172 eius
448 3107 490 3172 sit
510 3127 632 3189 mensa,
654 3105 744 3173 festis
767 3106 925 3194 precipue
940 3106 1065 3193 diebus,
1089 3105 1267 3196 qualesque

120 3189 331 3343 adprensum
360 3189 435 3261 ludi¹
460 3190 674 3280 celebrentur,
703 3191 827 3258 bonum
856 3212 922 3256 non
952 3191 1068 3280 opinor
1090 3191 1186 3260 silere
1208 3192 1267 3261 sod

120 3297 184 3342 scn
209 3298 272 3342 ere.

64 3428 66 3431 ,
208 3361 237 3428 8.
281 3361 344 3427 Est
369 3359 486 3428 domus
513 3362 607 3428 iuxta
634 3359 894 3450 yppodromum,
926 3359 1113 3449 aquilonem
1140 3384 1266 3448 versus,

118 3446 221 3512 mirae
242 3444 421 3513 altitudinis
443 3468 501 3513 seu
523 3444 784 3535 pulchritudinis,
809 3465 894 3535 quae
915 3445 1194 3516 decanneacubita
1209 3470 1266 3514 vo·

120 3542 221 3615 catur,
252 3529 342 3619 quod
368 3553 488 3598 nomen
518 3553 586 3597 non
610 3530 654 3597 ab
682 3553 719 3598 re
747 3529 805 3599 sed
831 3552 873 3597 ex
902 3530 1135 3619 apparentibus
1158 3533 1265 3599 causis
1308 3561 1311 3570 Α

119 3617 233 3682 sortita
254 3625 344 3682 est4·
372 3615 453 3684 deca
483 3617 569 3684 enim
599 3638 708 3705 grece,
736 3614 835 3682 latine
856 3614 902 3700 X,
931 3637 1035 3684 ennea
1062 3615 1125 3701 IX,
1155 3616 1266 3686 cubita

118 3711 227 3768 autem
251 3723 271 3766 a
294 3666 445 3769 cubando
466 3701 622 3768 inclinata
635 3699 688 3769 vel
703 3712 839 3767 curvata
877 3722 1027 3769 ossumus
1042 3700 1160 3770 dicere.
1190 3702 1266 3774 Hoc
1274 3721 1426 3768 scansus.

12 3795 15 3798 ⁴
119 3796 229 3854 autem
250 3786 338 3870 idco,
367 3787 522 3875 quoniam
549 3786 682 3876 quidem
705 3785 740 3852 X
761 3795 794 3853 et
888 3808 1021 3854 mensae
1049 3788 1085 3852 in
1113 3808 1153 3854 ee
1181 3800 1265 3890 quae

11 3900 14 3906 ·
120 3871 300 3938 secundum
314 3893 456 3953 carnem
484 3881 535 3938 est
561 3871 686 3938 domini
713 3871 817 3938 nostri
844 3869 922 3938 lesu
944 3870 1067 3940 Christi
1093 3874 1264 3942 nativitate

122 4034 151 4104 1)
177 4031 209 4090 τὸ
230 4033 368 4111 mediator
392 4040 611 4092 imtrumentum.
687 4038 717 4104 2)
745 4037 787 4092 ct.
813 4037 875 4090 Ter.
902 4037 974 4092 Eun.
992 4038 1032 4103 11,
1057 4039 1082 4104 1,
1103 4036 1135 4089 8:
1164 4035 1264 4092 Munus

119 4117 242 4164 nostrum
260 4119 355 4165 ornato
374 4113 477 4178 verbis,
497 4111 569 4180 quod
588 4113 700 4181 poteris.
764 4109 795 4180 8)
815 4113 835 4165 i.
856 4128 881 4164 e.
901 4111 1094 4166 virdunenses.
1133 4110 1180 4164 De¹
1196 4128 1263 4180 quo·

119 4202 178 4238 rum
199 4189 363 4242 commercio
377 4187 412 4240 cf.
425 4186 576 4252 Dtimmlsr‚
591 4187 656 4239 Otto
670 4184 720 4239 der
733 4186 833 4240 Gronau
846 4204 874 4255 p.
889 4185 953 4239 279.
1013 4184 1044 4254 4)
1054 4186 1117 4239 Hoc
1130 4185 1263 4260 palatium

118 4262 173 4313 iam
185 4260 367 4316 deformatum
373 4262 568 4316 Constantinus
577 4262 638 4332 ipse
647 4263 821 4328 instauravit,
828 4279 854 4315 r.
861 4260 1020 4330 Theophau.
1028 4261 1128 4315 contin.
1135 4261 1176 4314 VI
1184 4275 1208 4315 c.
1216 4260 1261 4314 20.
