2932 4718
215 186 264 277 aa
372 223 606 278 cunnensium
624 224 889 280 surmonosm.
928 226 1002 280 ms.
1022 226 1071 282 iv.
1113 227 1194 279 r-o.

216 395 341 464 Credo·
361 393 526 549 Quidem,
548 403 580 461 te
600 405 693 461 aetus
722 396 944 484 apostolorum
965 419 1031 464 non
1059 395 1266 480 intellexisse,
1293 409 1352 464 aut

53 482 378 656 “antistet
411 479 900 656 tdttttttltmtlttttt
934 479 1174 654 [alblindli
1192 483 1353 634 ⁵⁰¹2?th

214 591 360 744 prbcium
380 615 464 717 'ante
487 649 587 751 pedes
612 649 843 739 apostolorum,
870 590 991 742 qrubus
1020 664 1112 720 erant
1132 589 1243 720 ombia
1264 674 1353 719 com·

214 739 338 815 munia,
357 756 419 802 nec
463 757 614 824 nusquam
636 733 759 826 aliquid
780 759 876 803 suum
891 761 962 806 esse
976 737 1121 824 dioebst;
1143 737 1354 807 dividebatur

153 868 157 875 ‚
214 834 324 892 autam
345 759 493 910 singulls,
515 831 615 911 prout
635 821 753 911 cuique
775 844 858 911 opus
879 833 960 891 erat
1009 825 1046 891 Si
1067 825 1177 913 igitur,
1205 821 1296 914 quod
1315 823 1351 889 in

214 909 366 977 hnmano
382 929 482 975 censu
510 906 689 1008 preciosius
713 908 840 998 tibique
867 909 976 975 anima
1002 918 1060 976 tua
1087 909 1205 992 carius,
1232 908 1352 976 Petrus

214 1015 341 1079 aarum,
362 995 457 1083 quasi
471 991 628 1082 quiddam
642 991 839 1081 pestiferum,
861 1002 995 1082 tangere
1009 993 1122 1078 noluit,
1145 1016 1214 1082 qua
1224 993 1351 1060 ratione

215 1103 301 1165 eum,
338 1078 518 1146 Antiocena
554 1077 691 1160 deserta,
727 1077 770 1145 ad
805 1078 988 1144 Romanam
1023 1079 1141 1146 asseris
1177 1076 1373 1146 aeclesiam,

214 1162 453 1234 naustolaase‘?
476 1161 513 1230 Si
532 1161 642 1247 latras,
663 1161 765 1247 illum,
787 1163 877 1253 quod
898 1165 1028 1231 omnino
1043 1161 1160 1230 falsum
1175 1173 1233 1248 est,
1275 1185 1351 1231 uae·

215 1252 331 1319 sivisse
351 1271 497 1333 censum,
519 1269 581 1336 ego
606 1247 788 1316 animarum
816 1248 946 1316 lucrum
974 1258 1006 1316 et
1032 1245 1208 1339 comprobo
1266 1248 1351 1315 orio·

216 1359 289 1404 sum
309 1334 512 1422 martyrium.
555 1332 743 1400 Predictum
788 1335 887 1424 uipps
909 1334 995 1403 sibil
1016 1357 1037 1402 a
1058 1335 1226 1424 magistro,
1248 1334 1351 1401 immo

98 1425 148 1528 ¹⁰2·
165 1426 203 1528 'i'
215 1431 358 1490 creatore
389 1430 422 1486 et
453 1418 658 1507 redemptore
691 1441 749 1487 suo
813 1430 891 1503 erat,
925 1422 1093 1510 quoniam:
1137 1418 1235 1487 ‘Cum
1261 1441 1351 1487 esses

115 1488 330 1591 ¹'¹‘iunior,
353 1502 507 1592 cingebas
528 1515 570 1589 te,
592 1515 625 1572 et
645 1503 837 1573 ambulabas
865 1502 925 1571 ubi
951 1505 1099 1589 volebas,
1135 1527 1212 1572 cum
1239 1515 1351 1572 autem

215 1592 369 1676 senueris,
390 1588 547 1657 extendes
569 1611 684 1656 manus
705 1599 789 1675 tuas,
817 1598 851 1656 et
875 1588 957 1658 alius
983 1602 1016 1658 te
1043 1592 1161 1678 cinget,
1186 1600 1219 1656 et
1241 1588 1350 1674 ducet,

238 1689 301 1744 ιιοο
322 1688 359 1743 tu
380 1696 445 1741 non
466 1676 526 1742 vis.
569 1674 644 1741 Hoc
665 1687 776 1743 autem
801 1675 894 1760 dixit,
924 1676 1122 1765 significans,
1174 1698 1218 1742 ua
1245 1685 1351 1743 morte

216 1702 449 1831 detineamus
486 1769 571 1827 esset
605 1759 723 1827 deum’.
773 1760 924 1850 Denique
956 1760 1076 1828 etalio
1106 1699 1241 1828 inqioco
1299 1771 1351 1828 ost

215 1847 489 1917 resuneetionam
509 1844 607 1912 Petro
634 1867 678 1929 se,
706 1867 770 1934 quo
797 1847 868 1930 iret,
895 1849 1117 1934 interroganti,
1143 1869 1262 1947 respon
1288 1846 1351 1912 'sse

216 1934 366 2001 dominus
397 1929 547 2018 legitur¹:
591 1929 748 2013 ‘Romam
776 1933 893 1999 iterum
915 1935 1081 2020 crucifigi.
1124 1931 1224 1998 Vemt
1250 1933 1352 2018 igitur

214 2020 340 2101 Petrus,
369 2038 435 2083 non
460 2014 636 2082 ambitione
664 2015 797 2084 inflatus
824 2016 882 2084 sed
907 2019 1052 2085 martirio
1080 2018 1252 2101 animatum,
1284 2038 1351 2083 non

216 2126 353 2195 querens
374 2123 490 2168 aurum
513 2099 571 2167 sed
584 2102 766 2168 animam
786 2100 923 2170 lucrum.
957 2102 1140 2187 Ofelicem,
1160 2104 1260 2169 immo
1275 2101 1351 2170 bear

214 2200 296 2273 tum,
318 2191 345 2255 si
366 2185 463 2255 talem
484 2197 516 2253 te
537 2198 595 2253 tua
616 2187 812 2255 conscientia
831 2199 1013 2257 testaretur.
1055 2187 1125 2257 Nec
1143 2187 1283 2255 inficiari
1304 2187 1352 2253 in·

81 2356 83 2363 Ι
136 2278 138 2283 ’
216 2297 314 2365 quam
379 2283 438 2356 tes,
459 2270 681 2338 Veronensem
709 2284 740 2340 te
768 2273 971 2362 episcopium
996 2274 1129 2340 minime
1153 2272 1351 2357 vendidisse,

216 2359 305 2451 quod
354 2369 432 2440 etro,
454 2378 520 2422 non
541 2355 674 2424 cuilibet
696 2358 753 2425 sed
773 2357 922 2447 apostolo
949 2358 1039 2443 illud,
1060 2381 1240 2448 numquam
1268 2357 1351 2426 didi-

217 2447 322 2514 cimus
358 2441 542 2530 contigisse.
596 2442 673 2526 Qua
703 2465 746 2510 ex
778 2465 813 2510 re
840 2465 908 2510 non
938 2443 1044 2511 solum
1073 2443 1209 2533 spiritali
1235 2465 1351 2511 verum

216 2531 314 2599 etiam
336 2525 496 2616 corporali
516 2527 647 2614 honore,
669 2550 787 2595 census
804 2531 1019 2596 animatione²
1042 2538 1074 2596 te
1095 2532 1259 2617 privatum
1280 2551 1351 2596 esse

217 2616 440 2704 cognovimus.
483 2611 577 2680 Haec
598 2624 707 2681 autem
729 2614 858 2682 interim
885 2615 928 2682 ad
954 2616 1158 2705 propositum
1184 2612 1352 2681 redeundo

218 2701 305 2769 dicta
331 2698 496 2781 suffitiant,
523 2697 631 2785 quoad
659 2697 815 2786 largiente
845 2699 906 2767 deo
937 2701 1004 2768 suis
1032 2701 1066 2765 in
1094 2698 1183 2784 loeis,
1214 2697 1353 2788 qualiter

216 2784 492 2854 Mediolanensem
512 2785 721 2872 usurpaveris
739 2785 935 2870 cathedram,
955 2788 1137 2856 veniamus.

162 2885 204 2943 (b)
302 2871 332 2938 8.
375 2869 447 2935 Εοο
470 2880 614 2970 tempore
636 2869 853 2958 Berengarius
877 2872 949 2956 iste,
975 2873 1068 2938 euius
1092 2869 1262 2958 tyrannide
1284 2877 1354 2936 tota

217 2957 319 3022 nuncf
345 2953 358 3021 l
404 2965 436 3021 et
467 2951 571 3037 Itaba,
604 2953 788 3043 Eporegiae
815 2957 956 3024 civitatis
983 2956 1126 3023 marchio
1159 2953 1350 3024 habebatur.

218 3039 282 3109 Oui
303 3063 362 3108 rex
417 3061 426 3099 ι
463 3061 545 3105 one
569 3040 627 3106 tim
642 3062 744 3123 suam,
766 3042 897 3108 nomine
912 3040 1055 3126 willam,
1079 3064 1177 3130 quam
1191 3063 1234 3108 ex
1250 3039 1351 3106 Willa

217 3148 320 3193 uxore
347 3148 407 3192 sua
463 3147 520 3190 oso
582 3126 689 3190 usciae
717 3128 907 3215 provinciae
936 3127 1090 3210 marchio,
1124 3127 1210 3214 regis
1240 3125 1350 3210 frater,

217 3220 382 3300 genuerat,
404 3211 577 3296 coniugem
593 3208 690 3277 dedit
734 3210 912 3278 Anscarius
927 3234 1013 3296 vero,
1035 3212 1226 3299 Berengarii
1240 3211 1349 3294 frater,

219 3319 315 3386 quem
342 3319 385 3362 ex
412 3293 588 3362 Adelberto
620 3295 869 3384 Hennengarda
900 3299 968 3363 re'
1017 3298 1166 3384 Hugonis
1193 3305 1352 3384 genuerat

218 3402 319 3466 soror,
340 3381 458 3446 virium
479 3381 610 3446 audatia
631 3382 840 3469 potentiaque
855 3381 941 3449 clare
964 3393 1008 3449 at

303 3466 333 3532 9.
377 3463 585 3532 Tedbaldusss
614 3468 712 3531 etiam
744 3465 839 3533 heros
866 3467 1009 3555 quidam,
1037 3468 1187 3557 proxima
1216 3465 1351 3554 Hugoni

217 3553 288 3640 regi
316 3549 472 3620 affinitate
502 3550 706 3634 coniunctus,
739 3548 1018 3619 cammerinorum
1048 3562 1080 3619 et
1109 3552 1350 3641 Spoletinorum

218 3744 242 3800 a)
250 3745 275 3789 ὓ.
287 3745 394 3797 equidem
411 3756 448 3798 ιην
464 3745 552 3799 auctus
568 3756 608 3787 ιων
617 3755 727 3788 αποστων
743 3755 791 3787 nou
801 3745 890 3790 unum
900 3746 921 3788 8.
932 3751 955 3789 ts
967 3768 991 3779 -
1000 3747 1161 3800 apostolorum
1172 3745 1260 3797 arim
1271 3755 1351 3786 mesae

218 3807 313 3847 amada
330 3807 352 3848 1.
414 3803 437 3855 b)
452 3804 479 3848 Ρ,
495 3804 539 3844 sibl
556 3816 578 3854 q⁴
596 3805 641 3845 slbl
657 3815 678 3846 s.
696 3807 716 3845 1.
784 3805 805 3856 c)
820 3817 837 3860 q
850 3820 880 3843 =
895 3807 958 3857 quod
975 3809 995 3849 1.
1063 3804 1085 3858 d)
1103 3808 1116 3846 ι’.
1134 3818 1152 3846 e.
1170 3805 1215 3847 llll.
1277 3804 1299 3856 e)
1314 3805 1350 3847 Eo

218 3860 592 3980 gmffgesdaeltgglbbllsosmosoe
608 3875 676 3907 octor
686 3864 832 3922 τυρανρηδςω
840 3867 883 3920 ctu
897 3879 910 3922 η
922 3867 1006 3910 atulam
1019 3880 1049 3908 sm
1060 3866 1170 3918 eporegia
1182 3865 1203 3906 3.
1244 3863 1318 3916 onus
1328 3868 1349 3908 1.

221 4087 249 4156 1)
269 4089 331 4141 Lini
351 4089 421 4141 Acta
443 4089 529 4141 sancti
549 4088 622 4141 Petri
643 4103 666 4140 c.
682 4090 713 4139 11
736 4088 820 4157 (Acta
839 4095 925 4142 sanct.
945 4087 989 4142 ed.
1003 4086 1129 4141 Bollsnd.
1143 4087 1214 4141 Iunii
1227 4087 1260 4156 V,
1274 4085 1351 4158 428).

220 4161 250 4232 2)
270 4164 289 4216 i.
310 4181 333 4216 e.
355 4165 418 4230 quia
437 4165 465 4215 in
485 4177 594 4216 censum
615 4164 756 4229 animatus,
777 4179 873 4218 census
893 4165 1007 4230 avidior,
1028 4169 1094 4216 erat.
