2932 4718
199 199 255 282 're
376 230 608 286 munerarier
626 231 892 287 errarenosrs.
930 231 1004 284 ars.
1023 230 1048 282 1.
1087 231 1208 285 er-rs.

46 439 48 441 >
157 393 208 452 ⁶⁹&
220 400 305 468 Cum
328 422 370 467 ue
391 402 427 466 in
449 423 488 467 eo
511 412 606 486 esset,
628 414 665 468 ut
680 401 800 467 mutuis
815 422 886 467 sese
902 398 1090 468 vulneribus
1105 400 1251 489 figerent,
1267 422 1356 468 more

193 493 195 498 “
220 485 315 554 solito
358 487 511 574 agrarius
534 507 619 574 equo
640 485 750 553 versili
771 485 880 551 varios
894 483 1133 574 perplexosque
1146 509 1208 576 per
1221 485 1358 553 amfrac-

218 581 273 638 tus
305 571 392 660 cepit
423 570 625 655 discurrere,
666 572 819 659 quatinus
854 570 894 637 iis
930 571 1131 657 argumentis
1166 570 1358 638 Hubaldum

219 666 330 746 posset
351 655 423 721 deci
447 678 512 723 ere.
548 655 672 723 Verum
695 677 771 722 cum
791 654 853 721 hac
866 665 936 722 arte
950 665 1044 743 terga
1056 666 1205 739 verteret,
1228 668 1358 724 utmox
1459 723 1462 736 ,

217 740 347 809 rediens
368 678 561 807 Hubaldum
582 764 629 824 ex¹
646 739 784 809 adverso
830 750 1000 824 ercuteret,
1027 762 1133 829 equus
1155 742 1210 808 cui
1231 739 1358 808 Hubal-

218 825 281 892 dus
300 824 464 893 insederat
476 824 686 894 vehementer
699 824 819 893 calcan
842 848 882 893 us
896 824 1053 909 tunditur,
1075 836 1182 977 appar
1195 825 1358 915 scapulas,

218 921 395 999 antequam
426 913 546 978 reverti
574 911 757 1000 Bagoarius
818 921 925 994 osset,
954 908 1069 977 lancea
1169 932 1358 1001 carusque

217 995 408 1084 perforatur.
458 994 631 1062 Hubaldus
664 997 765 1083 igitur
793 933 888 1062 beno
919 995 1140 1083 Bagoarioum
1173 996 1357 1084 percipiens

218 1103 351 1232 ilbil'
360 1082 482 1266 illi?
494 1078 920 1233 ,terrester
935 1078 1358 1253 1111111111.

322 1215 330 1249 l

218 1189 304 1318 redit
331 1247 471 1317 hilanor.
514 1250 589 1316 Hoc
616 1271 693 1319 sane
721 1249 853 1317 factum.
874 1215 940 1316 nob
969 1247 1167 1316 mediocrem
1188 1249 1358 1338 Bagoariis

218 1345 384 1412 terrorem,
405 1333 528 1402 Italicis
552 1334 717 1403 audatiam
739 1334 884 1403 contulit.
927 1335 1014 1402 Inito
1039 1335 1184 1423 quippe·
1204 1334 1360 1423 Bagoarii

220 1417 364 1502 consilio,
386 1418 614 1510 nonnullisque
629 1417 847 1488 Centebnldus
866 1418 1044 1510 aWidone
1065 1420 1193 1508 argenti
1213 1420 1358 1507 acceptis

218 1505 427 1593 ponderibus,
449 1507 484 1572 in
529 1507 639 1595 ropria
660 1507 828 1576 remeavit.
1294 1516 1297 1520 ’

181 1587 189 1598 ‘
304 1589 356 1655 22.
388 1590 496 1676 Igitur
538 1591 725 1678 erengarius
747 1590 827 1656 dum
848 1588 906 1656 ubi
926 1613 1004 1678 pros
1029 1612 1085 1658 era
1106 1588 1170 1656 sibi
1191 1587 1359 1655 adversari

219 1676 431 1762 prospiceret,
455 1697 530 1741 eum
545 1674 744 1743 centebaldo
763 1676 885 1776 pariter
899 1614 1027 1741 Arnulb
1047 1676 1135 1762 regis
1156 1674 1225 1740 adit
1247 1684 1360 1763 poten·

220 1760 308 1843 tiam,
332 1781 426 1826 orans
447 1782 486 1825 ao
507 1759 674 1848 pollicens,
696 1770 733 1826 ut
754 1783 782 1825 sr
802 1782 912 1861 rpsum
934 1759 1113 1843 adiuvaret,
1135 1780 1170 1824 se
1191 1769 1359 1847 totamque

78 1929 81 1935 Ι
220 1842 358 1927 Italiam,
380 1855 417 1911 ut
438 1856 513 1912 ante
558 1847 736 1929 remiserat,
759 1844 881 1910 dicioni
895 1866 974 1910 suae
989 1855 1197 1946 supponeret.
1233 1843 1359 1911 Tantae

160 1928 250 1996 erasi
272 1928 381 1995 uidem
408 1940 445 1996 ut
470 1953 529 2020 pre
554 1931 562 1946 ⁶
591 1931 597 1946 '
634 1953 673 1996 us
701 1931 927 2017 promissionis
955 1941 1060 2017 gratia
1089 1930 1226 2012 excitus,
1257 1929 1359 2018 copiis

125 2052 128 2056 Δ
221 2014 365 2080 enectis
396 2036 463 2080 non
492 2016 652 2099 minimis,
684 2014 814 2082 Italiam
843 2013 922 2085 adit.
974 2013 1036 2081 Cui
1064 2014 1292 2099 Berengarius,
1323 2025 1360 2080 ut

219 2098 442 2186 promissionis
465 2121 542 2166 suae
563 2099 662 2166 fidem
683 2099 784 2183 daret,
814 2098 1014 2166 credulitatis
1035 2097 1194 2165 arrabone
1217 2097 1360 2188 clipeum

243 2194 338 2250 errat.
768 2215 770 2219 ’
901 2195 902 2198 ’

155 2289 156 2293 ’
208 2207 241 2300 ‘p
304 2267 357 2334 23.
391 2269 570 2357 Susceptus
598 2269 720 2420 itaquq
738 2291 759 2334 a
786 2267 1040 2353 Veronensibus,
1069 2266 1114 2334 ad
1142 2266 1268 2368 urbem·
1283 2289 1357 2370 pro·

220 2351 377 2418 ficiscitur
403 2354 610 2440 Pergamum.

220 2436 349 2520 confisi,
377 2439 478 2503 immo
501 2438 580 2505 dece
604 2439 646 2521 ti,
673 2437 821 2504 homines
843 2439 874 2504 ei
895 2460 1063 2505 cccmrere
1084 2437 1216 2521 nollent,
1238 2448 1358 2504 castra·

220 2522 381 2589 metatusb
404 2522 530 2606 eodem,
551 2461 628 2589 beplli
648 2521 835 2589 fortitudine
849 2523 964 2590 urbem
983 2523 1079 2610 cepit,
1101 2520 1237 2611 iugulat,
1260 2523 1358 2589 truci·

160 2623 210 2666 1⁸1³·
221 2605 286 2676 dat.
319 2605 468 2674 Civitatis
490 2609 588 2674 etiam
611 2609 772 2690 comitem,
795 2605 989 2674 Ambrosius
1010 2609 1155 2689 nomine,
1172 2628 1248 2673 cum
1270 2629 1356 2689 ense,

220 2689 340 2776 balteo,
361 2690 504 2775 armillis,
526 2693 705 2792 ceterisque
719 2693 959 2779 pretiosissimis
978 2692 1186 2775 indumentis,
1202 2692 1359 2779 suspendi

222 2787 297 2844 ante
325 2787 418 2864 porte
446 2778 577 2842 ianuam
604 2776 691 2843 feort.
742 2776 861 2858 Ωιιοάι
891 2777 1015 2843 factum
1043 2777 1181 2843 caeteris
1207 2777 1358 2844 omnibus

139 2871 149 2880 “
221 2859 358 2952 urbibus
381 2863 570 2950 cunctisque
590 2859 793 2962 principibus
814 2873 971 2927 terrorem
989 2882 1129 2962 parvum
1150 2883 1217 2927 non
1235 2859 1357 2945 attulit3

89 2976 211 3032 rer.1s,e.
222 2947 419 3034 quicumque
440 2944 502 3012 hcc
523 2944 679 3030 audierat,
700 2956 837 3033 utraque
859 2947 947 3012 auris
969 2967 1039 3011 erus
1061 2943 1229 3012 tinniebat.

306 3030 357 3096 24.
391 3029 669 3097 Mediolanenses²
701 3032 802 3119 igitur
834 3041 930 3118 atque
953 3030 1143 3097 Ticinenses
1175 3031 1238 3096 hac
1271 3030 1358 3096 fama

111 3147 120 3166 ·
127 3160 150 3201 p.
158 3149 209 3192 ης,
221 3116 392 3204 perterriti,
415 3116 484 3181 eius
513 3138 579 3181 non
603 3118 693 3203 passi
714 3126 790 3182 sunt
810 3113 1002 3203 *prestolari
1024 3115 1213 3198 adventum,
1243 3137 1358 3182 verum

219 3201 379 3287 premissa
404 3199 581 3288 legatione,
613 3200 747 3266 iussioni
769 3223 846 3265 suae
868 3223 903 3266 se
926 3200 1204 3300 obtemperaturos
1226 3201 1358 3288 promit-

219 3295 302 3351 tunt.
346 3284 500 3352 Ottonem
528 3287 656 3375 itaque,
687 3285 856 3352 Saxonum
883 3285 1144 3372 potentissrmum
1165 3285 1295 3368 ducem,
1316 3323 1358 3336 -

219 3367 339 3435 buius⁶
353 3367 577 3457 gloriosissimi
591 3381 689 3459 atque
703 3370 907 3435 invictissimi
928 3391 964 3434 re
988 3370 1016 3434 is
1031 3367 1172 3453 Ottonis,
1218 3369 1253 3434 ui
1271 3390 1357 3435 nunc

220 3465 368 3543 superest
389 3464 422 3520 et
441 3454 577 3521 feliciter
592 3465 716 3543 regnat,
737 3454 842 3520 avus<l
856 3493 900 3504 -
914 3454 968 3521 Me
993 3452 1147 3521 'clunium
1162 3390 1357 3520 delensionis

219 3540 325 3627 gratia
346 3537 407 3605 diri
432 3541 472 3622 it3
494 3552 584 3607 recta
604 3540 674 3628 ipse
696 3540 849 3605 Ticinum
870 3537 983 3606 tendit.

169 3646 210 3702 (ι.)
304 3623 356 3689 25.
434 3622 489 3690 ido
522 3624 661 3714 denique
694 3623 789 3690 huius
816 3625 861 3689 im
886 3635 976 3691 etum
1008 3624 1113 3690 ferre⁰
1140 3644 1207 3689 non
1236 3621 1356 3704 valens,

221 3707 430 3775 Camerinum
452 3709 685 3797 Spoletumque
714 3708 828 3775 versus
857 3647 989 3794 ligere?
1018 3711 1114 3797 cepit.
1159 3708 1267 3790 Quem
1288 3709 1357 3774 sine

217 3936 334 4052 ἕὲωροι
349 3941 368 3981 1.
444 3938 468 3989 b)
485 3939 655 3980 castrametatis
673 3941 692 3979 1.
768 3937 789 3990 o)
807 3938 892 3979 huluua
910 3940 929 3978 1.
1006 3937 1117 3988 d)ttul.
1142 3939 1164 3980 1.
1226 3938 1248 3988 a)
1267 3937 1319 3982 lere
1335 3940 1357 3980 1.

277 4007 343 4048 3⁰·
1293 4003 1304 4024 Ι.

218 4176 248 4318 {3
268 4176 310 4303 gp.
330 4181 400 4304 pun.
420 4176 616 4302 P{appensas-..se
630 4169 705 4241 4894;
730 4177 815 4230 Gesta
833 4178 995 4245 Berengarii
1013 4179 1079 4245 imp.
1100 4178 1153 4241 111,
1173 4194 1199 4229 r.
1221 4178 1272 4229 121
1295 4192 1355 4246 sqq.

303 4287 310 4301 .
355 4268 400 4303 nn.
444 4268 461 4303 u
492 4290 499 4304 .

721 2354 732 2418 i
760 2353 840 2419 dum
870 2352 1055 2420 firmissima
1082 2351 1147 2419 loci
1179 2363 1358 2420 mumtrone
1433 2369 1440 2374 ’
