2932 4718
191 242 227 294 22
349 241 583 296 autumnum
600 240 865 297 meretrcem.
904 242 1021 296 mar
1060 241 1181 296 eu-tt.

128 413 267 497 essia,
288 420 326 478 ut
346 406 563 480 inter'omnes
583 409 699 480 Italiae
719 412 884 500 principes
910 411 999 479 solus
1020 413 1092 502 ipse
1113 434 1153 482 co
1200 423 1330 482 omento

191 495 353 565 diceretur
373 497 487 564 Dives.
530 497 619 564 Hrsic
648 508 719 566 erat
744 518 829 564 uxor
855 498 987 565 nomine
1008 497 1142 582 Berta¹‚
1199 500 1330 586 ugonis,

190 593 302 650 nostro
323 591 399 671 post
418 592 565 671 tempore
585 583 683 672 regis,
704 593 825 667 mater3
847 583 942 650 cuim
955 585 1111 650 instinctu
1124 594 1193 651 tam
1205 585 1332 652 nefaria

191 669 281 756 cepit
300 669 372 757 ipse
392 665 547 734 fadnora.
590 667 676 735 Nam
697 667 832 736 collecto
855 669 1013 752 exercitu,
1035 690 1111 735 cum
1131 667 1331 758 Ildeprando

191 754 312 822 comite
331 763 517 821 constanter
535 751 675 856 Papiam
694 753 827 852 tendere
847 753 989 822 festinat.
1011 833 1013 837 .
1310 801 1315 817 .

123 863 182 922 (ιι.)
276 839 329 906 to.
360 837 556 906 Lsmbertus
587 847 711 906 interea
731 862 801 906 ‘rex
831 839 949 905 harum
979 861 1090 906 rerum
1120 841 1262 925 inscius,
1295 841 1331 908 in

89 1002 94 1008 Κ
191 924 351 1005 Maliaco,
371 923 435 990 XL
455 923 557 991 ferme
570 921 702 992 milibus
716 925 822 1013 Papis
834 925 968 1008 disum,
990 923 1220 993 venationibus
1235 947 1332 1007 occu-

191 1019 299 1098 petur,
335 1007 485 1098 Cumque
505 1008 623 1098 prefati
643 1007 787 1076 marchio
808 1017 841 1075 et
862 1030 972 1092 comcs
1000 1029 1076 1075 eum
1103 1011 1251 1078 inmenso
1273 1009 1333 1078 sed

190 1093 336 1163 invalido
367 1093 550 1161 Tuscorum
581 1094 726 1181 exercitu
757 1093 920 1161 Bardonis
952 1103 1115 1161 montem¹
1146 1096 1331 1179 uansireut,

80 1216 83 1220 ⁴
190 1178 366 1248 Lamberto
386 1180 459 1267 regi
479 1179 589 1247 medio
611 1179 646 1246 in
665 1188 797 1247 nemore
818 1179 961 1264 venanti,
985 1187 1023 1246 ut
1044 1201 1116 1246 sese
1136 1202 1189 1246 res
1209 1179 1333 1248 habue-

149 1299 152 1304 ·
190 1276 251 1350 rat,
272 1265 449 1332 nuntiatur.
481 1265 625 1348 levero,
647 1265 735 1332 sicut
755 1273 825 1333 eret
843 1265 946 1332 animi
968 1273 1120 1352 constans
1140 1263 1332 1354 virrlsusque

190 1361 316 1440 potens,
347 1372 424 1417 suos
444 1372 513 1417 non
531 1372 648 1440 passus
669 1360 721 1418 est
740 1349 859 1418 milites
887 1347 1074 1440 prestolari3
1101 1349 1160 1417 sed
1187 1347 1332 1419 collectis

191 1434 597 1588 Quosde'eumtdsaddaedat'
619 1446 751 1504 centum
771 1436 872 1503 ferme
893 1434 1061 1520 militibus,
1083 1456 1181 1502 cursu
1204 1437 1333 1525 prepeti

191 1543 240 1589 ers
261 1543 281 1587 o
304 1543 395 1587 viare

118 1685 119 1690 ἵ
276 1607 329 1673 41.
361 1607 498 1674 Iamiam
518 1606 719 1674 Placentiam
739 1616 886 1690 venerat,
908 1628 984 1672 eum
1005 1605 1061 1672 his
1087 1607 1174 1673 imta
1193 1604 1332 1673 fluvium

193 1690 412 1759 Sesteriouem
444 1691 488 1758 ud
518 1691 693 1781 burgum⁸,
726 1692 761 1758 in
792 1713 856 1781 quo
889 1691 1108 1759 sanctissimi*
1137 1699 1170 1758 et
1198 1692 1334 1781 pretiosi

191 1777 344 1877 martyris
363 1777 523 1844 Domnini
544 1799 663 1866 corpus
685 1778 829 1866 positum
849 1786 1032 1859 veneratur,
1061 1785 1169 1844 castra
1190 1787 1332 1845 metasse

191 1872 389 1928 nuntiantur.
432 1863 624 1949 Ignorantes
645 1864 691 1929 ite
713 1884 764 1946 ue,
791 1862 871 1951 quid
892 1871 1130 1952 superventura
1151 1884 1223 1933 nox,
1240 1885 1333 1952 pare·

192 1955 251 2029 ret,
272 1946 472 2015 temetolenti
485 1958 560 2036 post
572 1884 727 2015 nonnulis
747 1945 874 2014 inutilia
895 1947 1122 2035 tragodimata,
1143 1947 1179 2013 id
1193 1959 1244 2015 est
1256 1969 1334 2014 ceu-
1359 2023 1361 2026 Α

79 2032 306 2116 ·„,see.tioues‚
333 2054 447 2100 somno
468 2056 539 2101 sese
568 2032 696 2117 dedere,
724 2042 872 2117 stertere3
893 2054 1049 2099 nauseam
1080 2031 1136 2099 alii
1158 2035 1334 2122 *sumptus

192 2119 443 2208 intemperentia
462 2118 583 2186 facere.¹
621 2119 695 2185 Rex
715 2120 825 2207 igitur,
851 2139 928 2185 cum
949 2119 1050 2184 animi
1077 2119 1171 2186 ferox
1191 2128 1263 2185 tum
1284 2119 1332 2185 in·

191 2203 288 2292 genio
311 2201 441 2287 callens,
469 2204 596 2292 inipso
619 2225 675 2271 eos
695 2206 800 2270 noetis
826 2203 1002 2272 conticinio
1025 2204 1190 2293 opprimit,
1212 2202 1333 2271 dormi·

192 2299 283 2356 entes
304 2287 388 2372 ferit,
411 2292 585 2356 oscitantes
605 2287 741 2378 iugulat.
775 2289 920 2356 Ventum
941 2288 1083 2378 denique
1103 2287 1147 2355 ad
1166 2289 1257 2378 ipsos
1272 2299 1331 2372 est,

193 2375 251 2462 qui
278 2373 376 2440 huius
405 2373 554 2441 ductores
587 2376 751 2441 exercitus
782 2384 882 2441 erant.
934 2373 1083 2463 Cumque
1115 2375 1156 2440 iis
1188 2396 1255 2441 nou
1288 2396 1332 2441 ex

53 2454 60 2472 '
97 2522 99 2525 ,
146 2479 156 2502 ι
192 2456 397 2531 multitudine
418 2457 510 2542 alins,
540 2457 599 2525 sed
619 2481 680 2526 rex
700 2460 771 2549 ipse
792 2458 929 2549 preclari
958 2459 1055 2526 huius
1075 2458 1228 2526 facinoris
1249 2481 1333 2526 nun·

191 2545 257 2609 tius
283 2552 385 2627 esset,
411 2565 478 2609 uon
505 2542 578 2610 dico
630 2544 776 2632 ugnundi
823 2567 940 2611 verum
967 2544 1114 2632 fugiendi
1135 2545 1272 2611 terrori
1296 2567 1331 2612 se

192 2627 327 2696 abstulit
353 2627 550 2696 facultatem.
594 2565 718 2697 derum
739 2593 953 2717 ildeprandus
979 2630 1059 2718 fuga
1084 2627 1117 2695 la
1139 2651 1206 2727 sus,
1232 2568 1332 2698 Adel-

191 2711 321 2780 bertum
347 2715 434 2781 ,intra
465 2713 653 2780 animalium
679 2737 817 2803 presepe
837 2712 1017 2782 latitantem
1038 2651 1220 2803 dereliquit
1264 2715 1332 2799 Qui

192 2797 272 2864 dum
293 2809 440 2887 repertus
461 2810 665 2901 essetatque
686 2810 761 2866 ante
782 2800 868 2888 regis
889 2800 1085 2889 presentiam
1107 2799 1235 2883 duetus,
1257 2823 1332 2868 eum

192 2881 268 2950 ilico
299 2884 346 2949 ita
377 2884 544 2951 convenit:
577 2883 736 2952 ‘Srbillino
768 2885 886 2974 spiritu
914 2907 1052 2952 uxorem
1080 2897 1172 2952 tuam
1197 2885 1332 2954 Bertam

192 2967 403 3119 mse
425 2969 596 3050 credimus,
619 2991 702 3058 quae
723 2979 756 3036 te
779 2971 914 3037 scientia
929 2993 990 3036 sua
1003 2992 1116 3057 regem
1130 2981 1188 3036 aut
1202 2971 1331 3037 asinum

372 3054 530 3142 promisit
569 3054 694 3121 Verum
716 3055 795 3143 quia
814 3077 926 3142 regem
946 3054 1060 3139 uoluit,
1081 3063 1147 3139 aut,
1164 3066 1206 3122 ut
1226 3056 1341 3144 magis

193 3138 390 3205 credendum
418 3149 476 3223 est,
505 3161 572 3206 nou
598 3142 722 3229 potuit,
751 3141 889 3222 asinum,
917 3162 960 3206 ne
987 3141 1186 3224 mentiretur,
1214 3141 1330 3222 effecit,

193 3222 273 3289 dum
293 3233 326 3290 te
348 3245 422 3290 cum
436 3225 596 3293 Arcadiae
616 3224 832 3315 pecuaribus*
853 3224 897 3292 ad
917 3247 1054 3314 presepe
1076 3223 1237 3293 declinare
1260 3247 1331 3292 coe-

217 3309 282 3410 ’t’l'
308 3310 460 3377 Preteree
480 3310 543 3378 hoe
565 3333 639 3378 cum
659 3313 722 3415 isto
743 3309 890 3412 nonnulli
919 3312 1106 3400 cupiuntur,
1135 3311 1330 3393 vinciuntur,

127 3497 182 3554 (rs.)
221 3414 332 3546 aprir‘}
352 3395 707 3583 Qffidlliff’geesffifdledr
715 3406 1053 3550 1iltdnrddnpallrlandndl)crtus
1067 3479 1192 3569 prefato
1207 3482 1243 3547 in
1256 3479 1327 3549 loco

124 3559 339 3662 &pirameo
371 3567 599 3666 venatiombus
622 3580 811 3658 occupatur,
834 3567 942 3656 quoad
973 3568 1117 3634 omnium
1144 3567 1330 3657 principum

194 3649 334 3736 decreto,
358 3650 438 3739 quid
458 3675 556 3741 super
570 3655 674 3742 captis
688 3652 850 3742 agendum
869 3664 964 3736 esset,
985 3650 1226 3721 deliberaretur.
1264 3650 1330 3720 Sed

195 3877 288 3931 ellit.
350 3842 589 3933 statuerumt..

198 4055 227 4128 1)
247 4058 370 4112 Lothsrii
388 4061 418 4115 11
436 4064 510 4132 regis
529 4069 557 4117 et
575 4064 742 4118 weldradus
762 4064 827 4130 filis,
852 4066 935 4134 priori
960 4065 1130 4118 matrimonio
1150 4079 1212 4117 enm
1231 4064 1331 4118 'I'lrsot-

196 4132 280 4186 baldo
313 4136 412 4189 comite
444 4139 598 4192 coniuncta.
658 4139 702 4192 De
729 4139 878 4193 udelberto
908 4138 943 4193 ci.
973 4138 1044 4191 infru
1072 4139 1120 4204 11,
1149 4155 1173 4192 c.
1202 4137 1251 4193 38.
1285 4140 1329 4193 89.

197 4205 227 4272 2)
248 4207 291 4261 ct.
310 4224 392 4278 suprs
411 4226 435 4264 c.
455 4213 500 4265 ³4.
576 4213 606 4281 ³)
627 4215 717 4280 Borgo
744 4215 800 4268 San
819 4215 962 4278 Donatum
989 4214 1086 4267 fluvius
1105 4213 1187 4267 hodie
1212 4215 1329 4269 Stirone.

197 4279 227 4348 4)
248 4281 291 4335 Of.
309 4282 385 4338 l’srs.
405 4286 463 4340 Set.
482 4286 536 4352 111,
556 4287 587 4339 9:
607 4289 742 4342 Arcadiae
762 4291 900 4358 pecuaria.
