2932 4718
263 241 491 296 truncatum
510 238 777 294 Auusrouosis.
815 238 888 292 uis.
908 238 942 293 V.
983 240 1101 293 tc-it.
1204 241 1256 293 tot

110 410 290 489 denuntiat,
314 433 348 477 se
371 409 517 498 legitimo
540 431 583 476 ex
605 409 756 496 coniugio
778 406 878 475 filiam
901 429 968 475 non
989 407 1126 491 habero;
1149 408 1205 476 sed
1228 411 1320 476 sius.

111 518 155 565 ex
181 496 440 564 concubinarum
471 494 602 562 filiabus
631 491 738 576 vellet,
771 515 813 581 eg
872 493 937 560 iam
966 494 996 559 ei
1025 492 1130 560 formu
1158 516 1255 583 posse

63 615 72 625 -
109 593 288 672 prestaret
333 580 377 647 Et
407 581 562 669 quoniam
592 577 691 646 Greci
719 579 754 645 in
785 600 851 680 gen
873 600 946 646 seos
977 577 1156 664 nobilitate,
1189 601 1256 647 non

110 688 197 758 qnae
219 676 323 733 mater
345 664 401 733 sed
425 667 499 755 quis
526 664 625 732 fuerit
651 676 753 752 pater,
783 664 961 752 inquirunt,
987 664 1164 754 imperator
1193 663 1256 731 Ro

63 796 65 799 -
110 754 226 820 manos
247 773 348 818 naves
371 752 526 817 continuo
550 747 659 816 Greco
687 770 763 815 curn
792 750 868 849 igne
896 750 1093 838 preparavit,
1121 770 1258 818 munera

109 838 256 904 maxima
277 836 376 919 misit,
398 847 496 924 atque
520 847 557 901 ut
585 832 675 901 illam
704 846 816 922 nepoti
843 854 904 899 suo
933 834 1145 923 coniungeret
1166 855 1256 903 man·

110 918 213 988 davit
258 921 382 988 Verum
405 922 558 1010 qnoniam
581 941 674 986 mens
696 919 841 1002 vitricus,
862 919 914 984 vir
934 919 1095 1006 gravime
1111 929 1255 1024 ornatus,

109 1004 228 1098 plenus
251 1008 419 1108 sapientia,
443 1006 529 1094 regis
551 1005 703 1094 Hngonis
724 1002 829 1070 iuerat
844 1003 987 1087 nuntius,
1009 1006 1139 1093 pigrum
1155 1005 1256 1073 michi

109 1113 179 1160 uon
199 1089 253 1158 hic
276 1107 318 1160 srt
339 1092 512 1174 inserere·,
559 1089 617 1157 uid
639 1111 715 1156 eum
738 1088 779 1157 de
807 1088 1015 1176 imperatoris
1041 1090 1202 1178 sapientia
1223 1103 1257 1158 et

110 1174 322 1260 humanitate,
344 1188 377 1242 et
399 1113 677 1265 qualiterqliusios
706 1174 830 1255 vicerit,
858 1172 969 1240 audiri
997 1174 1107 1264 sepius
1136 1174 1255 1243 dicere.

201 1265 249 1331 15.
284 1261 374 1329 Gens
405 1260 564 1349 quaedam
593 1271 644 1328 est
669 1259 731 1327 snb
758 1256 919 1348 aquilonis
946 1269 1039 1349 parte
1069 1261 1255 1343 constituta,
1267 1278 1309 1334 (ο.)
1346 1270 1349 1277 “

110 1367 212 1436 qnam
234 1369 254 1411 a
276 1346 431 1435 qualitate
454 1347 599 1435 corporis
622 1344 721 1411 Greci
742 1354 862 1411 vocant
876 1348 1020 1427 Porcios,
1043 1343 1172 1427 Rtisios,
1195 1368 1255 1414 nos

110 1453 190 1500 vero
227 1454 248 1498 a
284 1433 445 1520 positione
482 1429 545 1497 loci
583 1431 789 1496 nominamus
828 1427 1068 1496 Nordmannos.
1125 1430 1257 1519 Lingua

111 1516 169 1606 qni
193 1539 234 1605 pe
255 1517 441 1584 Teutonum
468 1514 552 1582 ndrd
577 1536 598 1579 a
622 1512 698 1598 uilo,
728 1533 805 1580 man
831 1526 943 1582 autam
972 1515 1092 1582 dicitur
1117 1513 1255 1601 h0m0i3

110 1622 157 1668 uu
181 1624 199 1668 e
221 1614 254 1668 et
276 1600 505 1668 Nordmsnnos
528 1537 734 1690 aquilonares
755 1597 797 1664 iro
835 1599 842 1615 ’
868 1621 903 1666 es
925 1598 1034 1666 dicere
1053 1612 1256 1688 possumus¹.

110 1684 221 1752 Huius
244 1686 386 1775 denique
408 1687 514 1836 pontis
536 1707 596 1752 rex
616 1682 779 1751 vocabulo
799 1619 900 1773 ἵζω
920 1696 1004 1768 ernt;
1035 1686 1090 1774 qui
1114 1682 1257 1752 collectis

110 1769 202 1837 milis
224 1783 256 1838 et
278 1794 315 1839 eo
337 1794 415 1860 amp
428 1773 478 1837 ius
500 1772 639 1838 navibus
662 1767 978 1857 Constantinopolim
1000 1770 1120 1837 veniis.
1158 1768 1268 1854 Quod

111 1855 300 1924 Romanus
333 1859 510 1944 imperator
541 1867 578 1922 ut
609 1853 745 1937 audivit,
782 1857 937 1944 qnoniam
974 1853 1126 1924 navalem
1160 1877 1256 1923 suum
1371 1864 1378 1882 '

111 1943 293 2010 exercitum
317 1940 477 2008 directum
500 1952 613 2008 contra
635 1940 817 2008 Saracenos
839 1951 871 2006 et
891 1938 936 2006 ad
954 1938 1133 2007 insularum
1150 1954 1257 2009 custo·

112 2024 203 2094 diam
226 2024 351 2110 habuit,
379 2027 501 2093 estuari
531 2024 781 2114 cogitationibus
809 2025 907 2114 oepit.
962 2024 1014 2093 On
1050 2047 1113 2114 qne
1136 2027 1257 2116 cogita-

111 2107 258 2180 tionibus
279 2132 346 2178 non
390 2112 482 2178 aucis
503 2111 669 2177 insomnes
691 2120 804 2177 noctes
818 2108 962 2194 duceret,
984 2122 1016 2179 et
1055 2133 1137 2200 nger
1159 2123 1258 2180 cunta

112 2196 197 2263 mari
218 2197 328 2264 vicina
374 2197 515 2284 triperet,
537 2195 722 2263 nuntiatum
743 2205 795 2262 est
809 2193 968 2275 Romano,
991 2195 1058 2262 XV
1073 2195 1258 2264 semifracta

113 2279 291 2349 rehabere
314 2279 516 2362 chehndiai,
540 2301 625 2370 qnae
646 2277 789 2370 populns
815 2279 858 2347 ob
879 2291 1075 2348 vetustatem
1096 2280 1165 2348 sola
1186 2279 1257 2350 reli·

114 2378 239 2457 querat.
284 2364 382 2450 Quod
404 2378 440 2433 ut
461 2365 596 2448 audivit,
618 2369 695 2444 τοῦς
717 2367 917 2453 καλαφάτας,
939 2376 992 2432 tus
1007 2363 1172 2450 calafatas,
1193 2365 1256 2434 hoo

113 2461 165 2520 est
185 2453 320 2518 navium
344 2451 589 2541 compositores,
617 2448 723 2517 adse
751 2450 864 2516 venire
892 2452 1048 2541 precepit,
1078 2452 1199 2541 quibus
1225 2461 1258 2519 et

114 2537 174 2604 aits
197 2536 423 2626 ‘Properantes
452 2537 522 2604 siue
551 2533 717 2619 dilatione,
747 2555 900 2624 eaquae
929 2545 1161 2622 remanserant,
1184 2535 1257 2604 che·

113 2619 247 2688 imita·
284 2633 465 2724 preparate.
525 2618 592 2689 Sed
629 2629 662 2687 et
696 2630 935 2708 argumentum,
973 2642 1037 2710 quo
1069 2622 1156 2724 ignis
1184 2642 1258 2711 pru·

113 2706 221 2790 icitur,
244 2729 312 2773 non
337 2730 372 2773 m
393 2725 492 2796 prora
518 2704 635 2790 solum,
662 2726 776 2773 verum
803 2704 901 2773 etiam
931 2705 1197 2797 iupupp1,insu
1223 2730 1260 2775 er

114 2793 150 2858 in
173 2792 319 2881 utrisque
349 2790 507 2859 lateribus
533 2791 663 2881 ponite'.
716 2787 914 2879 Compositis
938 2790 1050 2892 itaque
1079 2813 1180 2860 secun
1203 2813 1257 2858 um

114 2877 292 2945 iussionem
313 2898 407 2944 suam
429 2875 470 2943 ch
490 2874 618 2960 lnndiis,
649 2874 906 2963 sapientissimos
927 2875 962 2943 in
983 2898 1030 2942 ers
1052 2878 1140 2944 viros
1162 2874 1259 2944 collo·

115 2971 187 3043 cat,
201 2973 299 3051 atque
321 2976 357 3029 ut
378 2964 450 3050 regi
471 2898 591 3050 ingero
614 2968 786 3027 occurrant
812 2959 991 3027 denuntiat.
1040 2960 1183 3029 Profecti
1204 2959 1259 3030 de·

114 3047 225 3136 nique,
258 3069 333 3112 cum
363 3048 398 3112 in
426 3045 541 3136 pelago
571 3067 628 3113 eos
650 3046 774 3134 positos
803 3067 864 3113 rex
892 3045 992 3134 Inger
1020 3048 1189 3135 aspiceret,
1224 3058 1260 3113 ut

114 3133 208 3198 sivos
230 3130 302 3198 illos
325 3143 466 3219 caperet,
488 3130 647 3200 exercitui
673 3151 732 3196 suo
753 3131 910 3231 precepit,
936 3140 969 3196 et
993 3153 1058 3197 non
1086 3129 1259 3200 occideret

115 3214 203 3285 Deni
228 3238 269 3283 ue
298 3217 470 3284 miserator
495 3227 528 3284 et
552 3215 737 3281 misericors
767 3213 933 3299 dommus,
962 3216 1019 3304 qni
1046 3238 1080 3283 se
1107 3214 1259 3301 colentes,

117 3322 152 3368 se
180 3239 364 3382 adorantes,
398 3323 432 3367 se
459 3301 681 3391 deprecantes,
710 3321 777 3366 non
806 3298 910 3367 solum
940 3323 1000 3390 pro
1075 3323 1111 3368 re
1139 3301 1198 3369 sed
1228 3311 1260 3369 et

115 3386 256 3454 victoria
275 3385 379 3452 voluit
400 3387 569 3469 honorare,
591 3385 697 3451 ventis
717 3396 796 3451 tunc
817 3382 984 3474 placidum
1057 3384 1140 3453 didit
1157 3407 1258 3454 mare.

117 3471 222 3538 Sacas
245 3473 335 3538 enim
357 3468 400 3538 ob
422 3471 509 3560 ignis
531 3470 737 3538 emissionem
760 3468 877 3538 Grecis
898 3479 985 3537 osset
1004 3470 1259 3538 incommodum.

117 3555 132 3623 l
160 3557 223 3624 'tur
243 3557 279 3623 in
300 3556 463 3623 Rusornm
479 3553 588 3623 medio
602 3555 711 3657 positi,
733 3554 842 3656 ipen]
858 3555 1071 3622 circumcirca
1085 3555 1259 3645 proiciunt

118 3578 218 3726 leiod
248 3640 329 3708 dum
355 3641 436 3708 Rnsi
466 3640 682 3729 conspiciunt,
711 3638 898 3708 oneribus
928 3638 1099 3708 confestim
1126 3661 1198 3708 sese
1224 3640 1260 3707 in

118 3787 143 3891 :i
154 3789 322 3900 ledit?
338 3799 392 3899 “ii
403 3785 572 3889 uniit?
588 3784 853 3908 wel-iiiii*
867 3784 1259 3900 iiffis’li‘s‘ffl

121 3977 152 4047 l)
164 3995 191 4032 v.
204 3979 274 4050 Lag.
288 3996 312 4034 c.
327 3981 353 4034 7.
388 3981 465 4045 Quae
480 3979 515 4034 de
528 3979 695 4035 Graecorum
715 3994 790 4033 more
802 3980 831 4033 in
844 3980 1023 4034 matrimoniis
1036 3976 1162 4032 ineundis
1175 3976 1261 4032 Lint-

120 4052 240 4123 prandns
259 4054 306 4107 iric
325 4054 446 4120 adnotat,
466 4053 658 4108 confirmantur
672 4053 867 4108 constitutione
880 4053 929 4106 ilia
944 4069 960 4107 e
973 4050 1102 4106 Basilici·
1116 4050 1262 4123 desumpta

119 4125 163 4181 ‘de
184 4129 320 4196 coniugiis
340 4127 481 4183 mulierum
501 4143 570 4198 quar
584 4125 630 4181 isa
647 4127 716 4181 viler
733 4126 900 4198 appellarit,
922 4126 991 4180 lid
1010 4131 1031 4179 t.
1045 4126 1062 4176 i
1076 4141 1101 4179 o.
1115 4126 1151 4179 it
1164 4142 1193 4195 p.
1208 4125 1260 4179 tau

121 4199 165 4255 ed.
186 4200 350 4257 Heimbnch.
407 4201 437 4269 2)
454 4201 497 4256 ct.
516 4202 625 4274 supral
642 4217 668 4256 o.
685 4202 728 4255 11.
786 4198 817 4271 i)
836 4202 942 4255 Decem
961 4198 1072 4254 milibus
1087 4201 1198 4253 narium
1217 4215 1261 4254 sc·

120 4274 239 4328 cundum
259 4285 384 4332 auctores
397 4277 574 4346 Bysanttnos,
593 4276 641 4345 qni
658 4273 731 4329 huno
750 4290 890 4330 armemur
910 4276 969 4329 siue
983 4272 1067 4329 dubio
1084 4279 1261 4345 naugerum,
