2932 4718
236 236 273 288 64
366 235 600 290 LIUDPRANDI
619 235 886 292 maroneam.
926 236 999 290 us.
1019 237 1074 290 111.
1113 235 1233 290 25-28.

235 405 382 474 dinatum
401 407 523 475 iactare
544 408 702 497 precepit.
733 393 815 474 Erat
834 416 945 474 autem
966 407 1001 473 in
1022 407 1214 476 arundineto
1236 429 1373 475 acervus

234 491 447 567 arundinibus
467 491 594 581 plenus,
615 492 651 559 in
673 514 769 581 quem
791 490 843 560 leo
864 491 1066 580 confugiens,
1088 491 1142 560 illo
1164 504 1215 562 est
1234 491 1277 561 ab
1298 494 1375 582 igne

236 574 391 645 salvatus.
422 578 548 645 Ventus
570 578 693 668 quippe
716 579 878 646 contraria
899 600 943 644 ex
964 587 1056 679 parte
1078 576 1171 663 flans,
1191 580 1312 666 ignem,
1333 600 1376 646 ne

236 659 281 729 ad
299 683 456 730 acervum
476 685 581 752 usque
602 664 796 752 perveniret,
830 674 997 730 ammovit.
1040 663 1205 731 Romanos
1227 675 1377 754 preterea

237 757 312 836 post
338 748 424 836 ignis
452 748 686 816 extinctionem
713 770 779 816 uno
802 757 938 828 ‚mnium
966 770 1041 815 cum
1074 748 1229 834 assecula
1263 771 1377 817 ensem

237 832 344 899 solum
365 831 491 919 dextra
512 835 642 902 sinistra
663 845 773 901 autem
793 832 928 922 pallium
948 846 1092 922 genuus,
1113 833 1224 902 locum
1245 857 1377 904 omnem

237 939 415 1008 peragrans
436 919 561 1003 lustrat,
584 920 612 986 si
632 917 715 987 forte
737 941 774 986 os
797 941 840 986 ex
862 941 899 986 eo
921 918 977 987 rel
997 920 1128 1008 signum
1149 918 1282 1022 aliquod
1304 941 1377 1010 rep·

237 1003 368 1157 ffiret.
410 1003 481 1072 Iam
502 1027 580 1074 vero
603 1027 679 1072 cum
700 1005 736 1070 in
756 1027 795 1072 eo
818 1014 912 1086 esset,
933 1015 970 1072 ut
991 1004 1091 1073 nichil
1104 1007 1272 1074 invemens
1286 1028 1378 1094 repe

317 1100 340 1174 t,
362 1088 526 1179 quidhoc
547 1091 684 1158 monstri
706 1099 801 1175 osset,
824 1089 913 1179 quod
933 1111 1071 1157 acervus
1097 1088 1151 1157 ille
1173 1091 1215 1157 sit
1235 1089 1279 1156 ab
1300 1091 1378 1180 igne

77 1193 228 1242 ‘aalma
238 1172 391 1259 salvatus,
414 1175 538 1243 studuit
563 1176 678 1242 visere.
729 1172 880 1264 Cumque
910 1174 974 1241 dno
1003 1179 1152 1266 propter*
1181 1175 1378 1259 assisterent,

239 1282 416 1351 secumque
438 1259 536 1327 robus
558 1283 601 1328 ex
621 1259 784 1327 nonnullis
807 1259 1061 1346 confabularent,
1090 1258 1141 1327 leo
1171 1283 1227 1328 eos
1250 1270 1378 1328 tantum
1442 1290 1446 1297 ⁴

238 1344 372 1430 audivit,
395 1344 698 1435 quoniamquidem
717 1345 759 1412 ob
774 1344 950 1434 caligantes
965 1345 1076 1413 oculos
1092 1369 1182 1435 naon
1197 1350 1242 1413 τῶ
1257 1367 1380 1431 aaron,

263 1434 321 1496 ara
353 1442 386 1498 to
419 1434 536 1520 capno,
569 1431 658 1521 qnod
691 1441 742 1498 est
774 1431 816 1498 ob
848 1431 984 1515 fumum,
1017 1431 1130 1500 videre
1161 1453 1229 1498 non
1261 1432 1378 1520 potuit.

270 1514 362 1594 plens
383 1517 485 1606 igitur
505 1515 556 1585 leo
578 1517 678 1585 animi
699 1517 751 1582 sui
770 1517 923 1600 furorem,
957 1539 1056 1607 quem
1085 1515 1127 1583 ab
1157 1518 1232 1604 igne
1263 1538 1377 1584 conce

239 1614 343 1691 perat,
363 1603 397 1669 in
419 1600 478 1669 hos
500 1625 659 1686 evomere,
682 1601 767 1668 saltu
788 1600 1005 1754 mldffismo'
1036 1624 1102 1691 qua
1129 1600 1258 1668 illorum
1280 1623 1378 1669 voces

240 1686 397 1770 andierat
430 1710 486 1754 eos
518 1689 603 1754 inter
630 1686 777 1776 prosiliit.
859 1691 993 1755 ornanda
1022 1709 1110 1770 vero,
1140 1709 1208 1753 non
1236 1697 1273 1753 ut
1300 1708 1378 1754 suus

193 1853 197 1864 1
240 1771 388 1839 assecula
409 1773 569 1862 pavitans,
603 1773 661 1840 sed
690 1794 729 1841 ea
756 1773 864 1860 potius
894 1784 1002 1840 mente
1030 1774 1219 1854 consistens,
1253 1782 1289 1838 ut
1318 1774 1378 1839 etsi

240 1857 362 1924 fractus
390 1857 521 1925 caderet
550 1857 648 1943 orbis,
678 1857 869 1945 inpavidum
898 1859 1012 1924 ruinae
1041 1858 1172 1924 ferirent
1183 1870 1204 1941 ¹,
1234 1855 1378 1946 pallium,

149 1907 169 1954 ,α
241 1942 329 2032 quod
351 1965 451 2009 mann
471 1942 631 2032 gestabat,
651 1941 754 2011 leonis
776 1943 859 2009 inter
879 1941 1015 2010 brachia
1037 1943 1133 2010 misit.
1178 1941 1277 2026 Quod
1298 1942 1379 2009 dum

241 2050 301 2117 pro
329 2029 459 2095 homine
490 2028 541 2097 leo
569 2027 793 2116 disscerperet,
822 2028 987 2094 Romanos
1017 2029 1093 2096 totis
1121 2027 1208 2095 hunc
1238 2050 1258 2093 a
1286 2039 1378 2116 tergo

241 2113 366 2181 viribus
388 2115 472 2181 inter
494 2113 639 2181 clunium
666 2114 832 2180 iunturasa
860 2135 937 2180 ense
964 2114 1133 2201 percussit.
1183 2113 1249 2196 Qui
1278 2113 1379 2180 disse

130 2199 330 2271 navenatis
352 2198 545 2288 divisisque*
567 2199 739 2266 cruribusl’
770 2199 848 2287 quia
876 2208 962 2265 stare
990 2220 1057 2265 non
1078 2199 1194 2287 potuit,
1228 2199 1379 2287 poenitus

243 2283 371 2352 cecidit.
414 2283 524 2352 Leone
546 2285 646 2374 igitur
665 2281 845 2366 interfecto,
877 2284 1041 2351 Romanos
1070 2284 1267 2351 seminecem
1295 2307 1380 2351 asse·

244 2368 351 2437 culam
374 2393 470 2437 suum
492 2367 560 2436 solo
583 2379 719 2436 stratum
741 2369 868 2436 eminus
890 2368 983 2454 vidit,
1005 2392 1103 2458 quem
1119 2378 1152 2436 et
1166 2389 1283 2436 vocare
1298 2390 1379 2436 voce

243 2456 403 2557 precipua
424 2457 520 2544 cepit.
575 2453 641 2522 Sed
664 2476 740 2521 cum
761 2452 887 2519 nullum
908 2455 1001 2521 daret
1023 2455 1154 2521 omnino
1176 2476 1379 2542 responsum,

242 2541 347 2608 rsdem
383 2541 548 2608 Romanos
583 2549 717 2629 propter
752 2561 827 2606 eum
860 2538 999 2623 adstitit,
1044 2538 1194 2628 pedeque
1229 2537 1379 2628 pulsans:

244 2627 478 2714 ‘assentanea
501 2624 595 2694 ἄθλιε
617 2629 672 2692 καὶ
691 2631 858 2716 aulercos,
882 2649 923 2708 μη
947 2630 1060 2713 φοβοῦ,
1082 2625 1171 2725 egire
1189 2626 1266 2711 ipen
1281 2623 1380 2693 athlie

243 2710 287 2778 ke
301 2710 446 2800 talepore
467 2712 534 2777 mi⁰
548 2709 651 2803 ,fobu’,
674 2710 709 2776 id
731 2720 780 2778 est
799 2712 936 2796 ‘Sarga
958 2709 1042 2777 dixit
1064 2715 1173 2777 ‘mrser
1193 2709 1249 2776 et‘i
1271 2710 1379 2793 miser,

242 2795 309 2863 noli
331 2796 468 2865 timore'!
513 2796 580 2880 Qui
608 2818 817 2883 consurgens,
846 2818 905 2883 pre
926 2795 1148 2877 admiratione,
1176 2794 1257 2861 dum
1276 2793 1379 2862 leonis

243 2882 477 2950 immanitatem
499 2882 711 2970 conspiceret,
734 2903 800 2947 non
821 2879 935 2948 habuit
950 2879 1036 2947 ultra
1050 2881 1208 2968 spiritum.
1231 2883 1380 2964 Εξεπλισ-

99 2986 107 3002 ’
199 2967 537 3047 neocaesariense
568 2967 641 3056 πέρι
666 2971 739 3033 τοῦ·
771 2970 913 3048 Ρομανοῦ
944 2967 1046 3033 πάντα
1073 2985 1275 3050 cumcuma,
1305 2989 1379 3034 exe

243 3051 400 3142 plissonto
421 3054 463 3121 de
484 3065 599 3141 pantes
620 3052 691 3140 peri
713 3062 749 3118 tu
770 3051 920 3117 Romanu
942 3062 1032 3118 tauta
1057 3060 1240 3134 acusantes,
1268 3050 1303 3117 id
1332 3061 1381 3119 est

244 3138 419 3227 stupebant
451 3149 561 3204 autem
584 3159 696 3204 omnes
723 3136 764 3204 de
785 3137 933 3203 Romano
962 3135 1023 3204 hec
1052 3135 1231 3204 audientes.
1282 3135 1379 3204 Unde

243 3225 367 3292 faenum
389 3235 447 3307 est,
470 3233 594 3290 uttam
616 3244 676 3311 pro
699 3222 833 3289 caeteris
863 3243 1026 3311 quamque
1056 3241 1116 3309 pro
1138 3219 1285 3310 preclaro
1307 3245 1380 3311 pre·

244 3311 327 3378 senti
348 3308 411 3376 boc
432 3310 573 3375 facinore
595 3331 661 3374 non
682 3306 783 3373 multo
805 3320 880 3395 post
901 3329 921 3372 a
941 3307 1051 3374 Leone
1072 3307 1268 3394 imperatore
1290 3315 1379 3374 tanto

96 3406 236 3451 utacum.
245 3395 420 3463 donaretur
441 3393 572 3477 honore,
603 3416 690 3470 οπως
720 3415 824 3460 anuto
853 3396 909 3460 tn*
940 3399 1046 3476 πλοια,
1076 3412 1157 3479 opos
1183 3403 1282 3479 panta
1303 3391 1379 3481 plia,

245 3482 280 3549 id
301 3492 351 3547 est
371 3489 409 3546 ut
429 3502 540 3546 omnes
561 3501 664 3545 naves
686 3479 719 3543 in
740 3477 890 3545 manibus
917 3487 1024 3545 essent
1050 3479 1128 3561 suis,
1154 3478 1288 3565 eiusque
1315 3479 1381 3543 ius·

245 3564 390 3634 sionibus
414 3563 611 3632 oboedirent.

191 3683 233 3740 (⁷)
329 3670 381 3737 26.
425 3669 492 3735 Leo
515 3666 665 3767 denique,
690 3665 870 3734 Greoorum
891 3667 1055 3754 piissimus
1078 3667 1263 3817 imperator,
1286 3665 1380 3732 cuius

183 3744 342 3844 ⁹¹²·supra
362 3755 498 3822 fecimus
527 3763 732 3836 mentionem,
756 3751 900 3840 corporis
923 3750 1056 3818 humani
1081 3750 1122 3819 de
1144 3751 1227 3816 itum
1248 3743 1379 3817 solvens

243 3842 395 3929 viamque
431 3839 535 3905 carnis
574 3839 743 3905 universae
780 3835 975 3926 ingrediens,
1013 3837 1105 3924 regni
1141 3836 1192 3902 sui
1228 3834 1381 3904 heredem

246 4053 268 4105 a)
285 4055 301 4093 ι’.
317 4065 335 4094 ι.
352 4054 479 4095 iuncturas.
541 4049 564 4103 b)
582 4051 689 4093 crucibus
708 4054 728 4093 l.
747 4051 767 4092 2.
831 4049 852 4100 c)
870 4050 902 4091 ml
918 4049 974 4091 tohu
989 4049 1067 4090 demat
1084 4050 1105 4091 Ι.
1168 4047 1192 4100 (Ι)
1208 4049 1264 4090 decet
1282 4050 1305 4090 1.

248 4230 276 4298 1)
296 4233 390 4286 Horat.
412 4232 464 4286 Od.
485 4233 539 4296 ΙΙΙ,
558 4231 585 4283 3.
608 4233 632 4284 t.
