2932 4718
200 255 236 306 30
367 250 601 307 amararum
620 240 884 306 ANTAPODOSIS.
922 249 997 304 LIB.
1016 249 1055 304 11.
1094 249 1177 303 o-e.

132 423 325 493 oroaviotnm
346 445 416 491 esse
438 422 590 488 miratur·
618 418 721 510 fitque
741 417 789 485 illi
809 441 876 486 non
897 419 1048 509 opinatus
1076 421 1209 510 gravior
1230 441 1336 488 casus.
1362 505 1363 509 Ἰ

200 508 339 577 Videres
367 507 526 576 cuidem·
546 470 655 587 saltuq
683 525 789 593 agros,
817 506 942 607 passim
968 505 1181 574 cadaveribus
1208 515 1337 590 stratos,
1453 580 1460 605 ¹,

199 595 290 676 rivos
315 603 348 661 et
400 594 512 660 umina
541 592 699 679 sanguine
727 599 893 680 permixta
918 590 1053 674 rubere3
1085 601 1165 658 tune
1191 589 1339 658 hinnitus
1447 608 1455 651 t

201 701 332 770 equum,
364 677 563 767 clangorque
591 675 755 778 tubarum,
785 674 947 778 iqgientes
979 677 1077 778 etiam
1108 688 1208 767 atque
1239 677 1338 745 etiam
1448 705 1456 774 j

148 840 152 846 ’
199 775 330 916 umbi,
349 759 1169 950 fibnndgdliirlpffltcmaedoddpfflldoddffleffecfi,
1191 845 1339 914 christia·
1425 848 1461 867 ·

200 956 317 1002 norum
338 932 401 1001 hac
421 943 489 1000 tam
509 933 679 1000 inmensab
701 954 800 999 nece·
826 953 956 1020 roprrae
976 954 1044 999 non
1071 932 1259 1000 satisfecere
1284 955 1340 1000 nc·
1456 967 1458 971 Α

144 1033 150 1040 “
223 1019 346 1104 uiciae;
385 1019 443 1088 sed
474 1019 600 1087 rabiem
635 1027 671 1084 ut
698 1016 785 1106 perti
890 1017 1059 1098 satiarent,
1092 1017 1339 1106 Bagoariorum,
1453 1027 1458 1108 j

134 1194 137 1199 .
175 1040 395 1189 'bearorum
424 1104 637 1203 Francorum,
667 1101 836 1170 Saxonum
864 1103 974 1203 omnia
1002 1101 1211 1203 deflagrando
1237 1123 1343 1204 regma

232 1199 411 1343 aaa
442 1185 1342 1363 laamasnaaaraaaaat
1448 1305 1452 1310 .

89 1414 92 1419 .
200 1359 311 1446 locis1,
341 1359 513 1449 factusque
545 1368 595 1427 est
626 1380 687 1448 per
706 1357 878 1425 nonnullos
899 1356 1116 1450 populus'hic
1149 1356 1343 1439 tributarius

200 1456 334 1512 annos¹.
676 1473 684 1481 ·

149 1552 190 1609 (a.)
287 1532 339 1599 6st
371 1528 480 1596 Huius
506 1541 654 1619 tempore
682 1527 879 1597 Adelbertus
908 1529 1073 1618 quidam,
1106 1550 1173 1596 non
1205 1525 1344 1617 quilibet

61 1613 261 1684 ⁹⁰⁴·⁹⁰⁶·sed
281 1637 420 1703 magnus
441 1613 496 1682 ille
517 1612 622 1698 beros,
644 1613 840 1682 simultatem
861 1635 929 1681 non
949 1614 1112 1682 modicam
1133 1614 1168 1679 in
1184 1611 1341 1680 castallol

201 1699 361 1769 vocabulo
382 1698 591 1787 Bavemberg
613 1710 727 1766 contra
747 1722 817 1766 rem
838 1698 1007 1789 puplicam
1028 1697 1213 1767 exercebat.
1253 1697 1341 1788 Sepe

202 1787 321 1854 etenim
363 1808 423 1852 rex
458 1783 661 1852 Hulodoicus
699 1786 905 1873 congregatis
947 1785 1097 1852 omnibus
1133 1806 1232 1872 super
1267 1806 1343 1850 eum

200 1873 349 1938 irruerat
403 1871 465 1938 Oui
493 1871 679 1937 nominatam
705 1870 801 1937 heros
828 1892 895 1937 non
923 1871 1017 1936 iuxta
1045 1867 1224 1954 castellum,
1257 1877 1293 1934 ut
1321 1889 1343 1934 a

225 1954 368 2045 larisque
396 1954 531 2058 assolets
555 1955 614 2022 sed
641 1953 755 2044 procul
780 1978 801 2021 a
821 1957 1001 2023 munitione
1026 1965 1181 2045 preparat
1206 1951 1340 2022 bellum.
1416 1991 1419 1995 ,

201 1981 302 2128 ltegis
318 2042 438 2109 etenim
452 2040 571 2109 milites
585 2041 774 2129 priusquam
788 2064 824 2108 re
845 2041 1035 2192 ipsa'huius
1057 2041 1224 2108 audatiam
1244 2040 1343 2106 mira·

200 2139 323 2313 aza
343 2125 1343 2313 caecarentur
1389 2177 1402 2195 ·

200 2296 282 2365 ludii
303 2295 491 2364 huiusmodi
508 2318 575 2363 non
600 2294 706 2363 solnm
732 2319 864 2384 gnarurs,
894 2319 1008 2365 verum
1037 2308 1135 2363 etsam
1161 2295 1339 2380 debnatus,

202 2382 333 2451 obviam
361 2383 412 2449 bis
438 2390 507 2449 tam
533 2380 632 2469 longe
659 2403 680 2446 a
709 2390 815 2483 castro
844 2390 1059 2471 processerat,
1092 2393 1130 2448 ut
1157 2403 1225 2449 non
1252 2379 1341 2448 buno

201 2466 321 2535 milites
354 2489 497 2556 eousque
531 2490 574 2534 ex
606 2466 799 2534 adversariis
834 2490 905 2535 esse
944 2474 1179 2555 cognoscerent
1232 2464 1342 2554 quoad

197 2572 315 2621 ¹eorum
346 2550 530 2620 cervicibus
558 2552 653 2619 istius
682 2573 796 2619 mucro
826 2551 936 2620 caedis
966 2552 1136 2703 inpaciens
1169 2515 1341 2634 deseviret,

200 2639 306 2727 Igitur
334 2660 410 2704 cum
438 2638 607 2726 septennio
634 2636 758 2704 ferme⁴
785 2635 982 2704 Adelbertus
1031 2659 1104 2704 eros
1131 2634 1343 2705 rebellionem

201 2722 388 2791 huiusmodi
421 2731 599 2806 exerceret,
632 2723 738 2790 eciem
759 2721 963 2789 Hulodoicus
986 2724 1080 2789 istius
1101 2721 1232 2789 audatie
1252 2720 1341 2788 forti·

201 2809 347 2876 tudinem
367 2807 622 2897 haudquaquam
644 2829 679 2874 se
699 2808 764 2874 nisi
791 2809 1059 2896 tergiversatione
1080 2807 1223 2896 quadam
1244 2828 1342 2895 posse

202 2894 385 2979 devincere,
406 2892 585 2961 Hattonem
677 2895 806 2961 ontinae
821 2893 907 2960 sedis
920 2893 1237 2982 archiepiscopum⁵,
1260 2891 1341 2982 quid

201 2979 265 3047 sibi
287 3001 385 3068 super
404 2978 466 3045 hac
488 3002 523 3046 re
544 2977 653 3044 facien
675 3000 732 3044 um
760 2987 854 3062 esset,
886 2977 1057 3047 consuluit.
1101 2977 1176 3062 Qui,
1205 2987 1243 3044 ut
1271 2986 1341 3044 erat

201 3065 345 3132 versutie
366 3062 506 3154 pollens:
537 3063 689 3148 ‘Desine'‚
712 3064 771 3149 ait;
805 3071 833 3131 ‘e
857 3085 876 3131 o
898 3073 930 3132 te
953 3086 1104 3132 securum
1124 3063 1165 3130 iis
1187 3060 1340 3131 sollicitu-

203 3149 333 3216 dinibus
354 3147 499 3216 reddam
543 3148 628 3236 Ego,
654 3158 692 3215 ut
712 3159 777 3216 tete
847 3151 968 3234 veniat,
1020 3147 1192 3233 rovideb03
1224 3156 1272 3232 tu,
1298 3170 1340 3215 ne

201 3235 322 3320 redeat,
351 3234 483 3301 curato’.
532 3233 635 3301 Hatto
662 3236 774 3323 itaque
798 3236 899 3301 animi
927 3257 966 3301 co
1014 3234 1132 3318 dantia,
1166 3255 1233 3323 qua
1260 3253 1341 3299 non·

201 3318 306 3386 nullae
327 3342 380 3387 res
402 3342 445 3386 ex
458 3319 635 3386 infortunio
650 3318 810 3386 secundas
825 3319 986 3404 effecerat,
1008 3320 1179 3404 animatus,
1202 3317 1340 3386 Bavem·

202 3403 305 3494 berg⁸
329 3406 421 3494 quasi
442 3402 658 3473 Adelbertum
679 3406 760 3471 adiit
783 3426 1011 3494 conpassurus.
1061 3402 1125 3472 Oui
1146 3416 1179 3472 et
1199 3404 1259 3470 ait:
1292 3401 1341 3470 ‘Si

112 3573 120 3587 κ
202 3499 235 3558 et
256 3512 321 3558 non
349 3488 446 3557 aliam
468 3490 568 3555 vitam
597 3500 707 3579 preter
728 3491 902 3557 instantem
923 3501 1065 3580 putares,
1091 3501 1200 3558 tamen
1220 3488 1340 3555 iniuste

202 3701 378 3755 elvotiml
397 3700 700 3746 c.v0asn15.eaor·.
761 3699 784 3753 a)
800 3703 877 3744 inflet
893 3705 914 3744 1.
967 3701 990 3756 e)
1005 3708 1072 3755 capnt
1086 3702 1125 3744 too
1140 3706 1210 3744 tom
1223 3701 1301 3744 aare
1316 3701 1341 3743 la

202 3763 311 3829 edicione
327 3764 349 3805 3.
410 3761 434 3815 d)
452 3763 557 3805 castello
574 3764 595 3804 l.

205 3922 233 3992 1)
262 3924 305 3978 Oi.
338 3940 363 3977 c.
398 3923 441 3979 15.
473 3926 519 3980 48.
698 3923 728 3993 2)
760 3924 828 3978 Erat
859 3926 904 3978 bic
937 3923 1140 3994 murmannus,
1173 3937 1235 3975 cum
1266 3937 1340 3976 anno

176 4026 180 4035 ι
203 3998 312 4052 demum
332 3999 387 4052 924
406 3999 553 4053 Heinriaus
572 3999 644 4053 Saxo
664 4000 813 4068 Hungariis
828 3999 958 4053 tributum
976 4016 1025 4069 pro
1043 4014 1113 4069 pace
1133 3995 1267 4050 firmanda
1279 4012 1342 4067 pro·

202 4075 315 4139 miserit,
335 4074 370 4128 ci.
389 4074 459 4126 inira
479 4090 503 4129 c.
524 4075 569 4128 24.
644 4072 674 4142 8)
693 4073 781 4128 Filius
799 4074 925 4128 Heinrici
945 4075 1052 4127 comitis
1071 4072 1116 4126 vel
1135 4071 1213 4125 ducis
1228 4071 1342 4125 Austra-

202 4149 311 4202 siornm.
424 4148 452 4214 4)
479 4148 664 4216 Quadriennio
687 4151 788 4217 potins.
846 4197 850 4207 ,
901 4147 931 4214 b)
957 4142 1341 4216 Hattonem1(891-9ld).

204 4220 233 4290 6)
253 4223 314 4276 Non
340 4224 549 4294 &terbergam
574 4223 624 4277 sed
649 4226 687 4276 ‘in
707 4230 795 4277 castm
815 4222 889 4293 quod
912 4223 1029 4277 Terassa
1047 4222 1154 4276 dicitnr’
1173 4219 1340 4275 adalbertus

202 4298 331 4352 obsessus
350 4304 399 4352 est.
