2932 4718
210 239 247 293 94
370 238 603 294 amorreum
621 239 885 295 ANTAPODOSIS.
923 240 997 295 LIB.
1017 239 1067 293 tv,
1106 238 1228 293 to-at.
1258 196 1260 201 ·

151 414 247 479 ⁹⁸⁹·in
269 432 431 480 carcerem
454 420 486 478 et
507 411 541 476 in
563 421 701 479 mortem
726 411 793 477 ire’.
842 409 905 478 Oui
936 410 1101 479 dominus:
1146 407 1243 477 ‘Dico
1272 410 1352 495 tibi',

109 548 150 593 3⁸·
166 498 268 592 ⁸psit,
291 499 406 582 ‘Petra
425 516 491 563 non
513 494 657 564 cantabit
677 497 712 563 in
733 496 795 563 hec
816 507 912 564 nocte
963 495 1056 583 allus,
1083 498 1189 567 donec
1218 506 1268 565 ter
1295 497 1352 566 ab

212 607 319 736 nege}
334 604 431 684 nosse
451 580 598 736 mev’i'uO
625 591 736 732 spineto
758 519 1010 736 Ρθιιοὼιέιᾶοὲιὲ
1024 605 1124 674 quam
1146 593 1183 651 tu
1203 592 1237 651 te
1258 583 1352 652 norit

171 748 173 751 ’
211 676 501 842 ἓὲιοιιιξθῗθᾶθιιιί
530 677 836 842 pripsrpupznshapp
846 754 956 821 omnia
966 691 1077 839 bouill,
1099 679 1223 823 {mre
1238 690 1353 844 yffi

211 853 322 910 tunm
342 846 375 906 te
398 860 469 907 esse
489 837 643 927 predixit
686 836 796 906 Huius
819 839 941 928 quippe
962 839 1141 908 euenum
1160 862 1227 908 non
1248 840 1352 908 inme·

108 943 113 952 ·
211 948 293 1011 mor,
331 946 409 992 curn
441 931 474 991 te
509 923 728 1013 postmodum,
764 945 807 990 an
842 946 878 991 se
911 922 1062 1013 diligeres
1070 935 1094 1008 ¹,
1126 925 1350 1014 interrogaret,

211 1011 319 1100 magis
339 1010 404 1112 ipsi
424 1007 560 1077 credens
582 1030 682 1099 quam
702 1009 773 1094 tibi,
805 1030 951 1076 amorem
971 1020 1066 1077 tuum
1086 1009 1149 1078 hae
1169 1020 1351 1099 temperata

58 1091 1351 1268 ..urefflgffifiuffimffizug13fflgg⁰uffg²3uggae

213 1205 322 1360 quanil
333 1288 396 1350 me,
417 1264 482 1332 nisi
503 1267 582 1355 quie
601 1273 634 1332 te
662 1203 957 1367 diligendoqdiligo
979 1289 1043 1334 me.
1119 1275 1208 1333 uum
1228 1276 1351 1352 auum,

212 1363 250 1422 ut
270 1351 431 1430 existimo,
453 1351 500 1418 ita
521 1372 592 1418 sese
612 1350 733 1417 veritus
761 1349 889 1436 habeat,
915 1372 987 1439 rpse
1017 1373 1116 1440 quam
1144 1373 1207 1440 ego
1235 1349 1350 1419 melius
1403 1355 1412 1360 ’

212 1438 308 1521 nosti,
337 1437 394 1526 qui
424 1458 476 1503 me
506 1446 542 1503 ut
567 1458 673 1503 essem
701 1435 816 1520 fecisti,
849 1446 883 1503 et
909 1446 946 1504 ut
977 1447 1011 1504 te
1037 1435 1208 1526 diligerem
1238 1458 1351 1505 amore

212 1524 390 1593 iustissimo
412 1520 639 1589 mflammasti’.
682 1520 774 1589 Bone
795 1522 905 1612 itaque
927 1544 996 1605 rex,
1022 1545 1089 1589 non
1110 1521 1152 1590 ob
1175 1532 1265 1589 tuam
1287 1521 1351 1591 hoe

162 1658 165 1663 ‚
213 1610 272 1679 sed
293 1607 336 1676 ob
358 1607 561 1674 infirmorum
582 1617 693 1674 actum
715 1617 767 1673 est
791 1605 900 1692 tidem,
928 1608 985 1696 qui
1005 1609 1178 1676 victoriam
1198 1627 1267 1675 non
1287 1607 1351 1675 nisi

212 1698 248 1763 in
278 1692 486 1761 multitudine
517 1703 634 1782 putant
663 1692 840 1760 consistere
869 1703 902 1760 et
928 1692 1086 1761 humanae
1112 1717 1166 1762 res
1194 1714 1262 1760 non
1285 1693 1351 1761 nisi

212 1781 348 1849 fortuitu
369 1779 551 1880 provenire.
597 1777 727 1845 Scimus
749 1776 845 1862 enim,
873 1779 951 1880 quia
976 1789 1009 1846 ot
1029 1779 1057 1845 si
1079 1801 1155 1847 cum
1177 1778 1247 1846 XII
1267 1778 1351 1847 mili·

212 1865 295 1935 busl
317 1863 502 1952 legionibus
528 1865 681 1930 transires
706 1884 746 1930 ao
772 1863 945 1930 victonam
973 1865 1145 1965 optineres,
1178 1885 1245 1931 non
1277 1885 1352 1933 eam

212 1951 273 2020 tibi
294 1950 352 2018 sed
373 1947 505 2016 domino
526 1949 715 2049 imputares.
773 1948 817 2015 Et
845 1947 927 2016 haec
948 1961 1031 2016 ratro
1059 1959 1117 2033 est,
1147 1947 1237 2040 quod
1263 1960 1295 2017 te
1316 1949 1353 2016 in

213 2037 329 2127 paucis
352 2033 475 2101 orando
495 2032 598 2102 volunt
619 2034 761 2118 vincae,
783 2043 820 2100 ut
842 2044 875 2102 et
895 2035 930 2101 in
951 2058 987 2102 se
1008 2044 1176 2124 sperantes
1198 2033 1242 2100 ed
1262 2055 1352 2102 amo·

213 2144 282 2189 rem
319 2121 371 2187 sui
403 2143 437 2185 m
482 2120 490 2136 ⁹
540 2120 743 2202 accenderet,
776 2128 818 2203 et,
851 2129 883 2188 te
917 2132 1075 2209 quantum
1103 2118 1268 2208 diligeret,
1295 2141 1351 2187 ne·

214 2207 391 2362 pceilentibus
412 2207 448 2271 in
482 2214 582 2271 curet
626 2204 692 2273 Sed
714 2204 765 2271 his
794 2204 955 2291 obmissis,
984 2204 1027 2272 ed
1052 2204 1206 2272 uenandi
1233 2205 1352 2274 seriem

273 2302 414 2360 eamus⁰.

146 2408 203 2465 ot)
299 2395 351 2463 27.
394 2381 455 2462 llst
475 2395 510 2461 in
524 2392 676 2462 Abaciee
697 2395 847 2484 partibus
861 2392 1040 2479 cutellum,
1061 2393 1229 2462 Brisioau¹
1245 2396 1352 2484 patrio

212 2479 372 2550 vocabulo
398 2490 633 2568 nuncupatum,
668 2479 756 2569 quod
788 2491 821 2548 et
852 2478 985 2547 Rhenus
1016 2480 1198 2548 immodum
1223 2478 1351 2548 insrtlse

214 2567 359 2655 cingens,
380 2576 412 2634 et
432 2563 589 2632 naturalis
610 2565 684 2655 ipse
703 2564 767 2632 loci
788 2587 824 2632 as
866 2564 946 2631 ritas
961 2566 1075 2632 munit
1107 2566 1147 2632 In
1160 2565 1224 2634 hoc
1238 2567 1350 2656 itaque
1386 2632 1389 2640 ,

214 2674 348 2720 suorum
369 2650 578 2719 Heverardus
599 2661 752 2739 posuerat
776 2671 809 2715 m
844 2649 1016 2718 titudinem
1036 2648 1188 2735 militurn,
1209 2673 1350 2741 quorum

212 2748 334 2805 terrore
356 2758 423 2804 non
443 2734 549 2827 solum
570 2757 723 2836 magnam
745 2735 809 2803 sibi
834 2745 960 2825 partem
988 2735 1132 2823 prefatae
1159 2737 1350 2888 provinciae

213 2821 418 2905 vendicabat,
454 2843 570 2890 verum
603 2832 701 2890 otram
732 2821 948 2887 circumcirca
978 2820 1065 2908 regis
1093 2819 1158 2889 tide
1171 2844 1206 2888 es
1232 2821 1350 2890 misere

213 2905 366 2974 laniabat.
409 2906 483 2975 Rex
504 2906 646 2995 denique
667 2906 784 2989 bonus,
812 2927 879 2973 non
901 2927 986 2994 quae
1008 2926 1069 2972 sua
1089 2905 1149 2973 sed
1170 2927 1255 2995 quae
1276 2928 1351 2973 suo·

212 3016 288 3059 rum
318 3002 408 3059 erent
438 2991 657 3075 considerans,
694 2989 829 3058 collecto
861 2991 1016 3074 exercitu,
1049 2991 1085 3056 in
1111 2990 1280 3076 Alsetiam,
1314 2999 1352 3058 ut

213 3078 375 3168 prefatum
407 3089 547 3144 castrum
580 3076 736 3162 obsideat,
768 3076 993 3165 proficiscitur.
1051 3074 1203 3166 Cumque
1234 3076 1350 3145 eodem

213 3165 422 3255 pervenisset,
450 3162 627 3245 Frederiei,
655 3163 711 3253 qui
739 3184 814 3229 cum
842 3184 881 3230 eo
908 3172 987 3228 tunc
1014 3160 1112 3228 simul
1132 3161 1254 3247 adeum,
1281 3162 1350 3230 Ma·

213 3249 366 3338 gontinae
381 3247 467 3315 sedis
481 3248 729 3336 archiepiscopi,
751 3246 973 3314 exhortatione
988 3248 1217 3336 episcoporum
1236 3268 1350 3336 quam-

214 3333 357 3425 plurimi,
379 3333 496 3402 defixis
517 3344 617 3401 noctu
639 3356 700 3423 per
727 3334 837 3421 girum
862 3332 991 3399 amissis
1018 3334 1163 3401 tentoriis
1191 3354 1230 3421 oe
1254 3342 1351 3400 erum

214 3442 325 3508 regern
346 3418 494 3487 deserere
515 3417 664 3507 clamque
679 3417 722 3484 ad
740 3419 886 3485 civitates
900 3417 1049 3507 proprias
1063 3418 1208 3506 fugere²,
1295 3416 1350 3485 de·

213 3506 281 3571 rico
312 3526 388 3571 oum
414 3502 529 3572 eodem
556 3502 693 3572 subdole
719 3514 938 3592 permanente.
987 3502 1087 3588 Quod
1113 3503 1201 3592 regis
1228 3502 1349 3570 milites

215 3589 469 3674 considerantes,
513 3588 700 3656 huiusmodi
742 3610 854 3676 rogem
889 3600 964 3656 sunt
1000 3610 1150 3656 sermone
1186 3587 1348 3676 adgressi:

214 3772 239 3828 ι)
254 3757 364 3826 ameni
377 3777 397 3817 1.
464 3771 814 3826 murmurassent.
839 3760 1151 3816 mensuramus.
1218 3768 1352 3825 escun

215 3835 351 3877 induemus
367 3834 388 3876 5.
405 3835 446 3876 ts.
464 3832 515 3876 δι’.

217 3984 244 4053 1)
264 3986 387 4052 Brisacs,
406 3986 608 4041 AltBroisech.
632 3983 804 4039 Vocabulum
823 3986 898 4054 quod
916 3987 1074 4054 provincius
1094 3992 1143 4050 est,
1164 4002 1213 4055 per
1232 4001 1350 4041 errorem

213 4059 405 4131 Liudprendus
423 4061 526 4130 oppido
551 4062 687 4129 assignat,
706 4067 737 4114 ut
760 4059 841 4113 bomo
866 4060 961 4114 Italus.
1037 4057 1068 4127 2)
1095 4060 1138 4115 ct.
1162 4061 1234 4113 iubs
1259 4077 1284 4114 c.
1305 4060 1350 4129 ut,

213 4135 374 4189 widukind.
394 4136 425 4188 11
445 4153 469 4190 c.
490 4136 534 4202 24,
554 4135 662 4189 contin.
680 4135 778 4204 Regin.
798 4135 865 4189 939.
887 4136 931 4188 De
951 4133 1092 4188 Fridorico
1113 4140 1140 4189 et
1159 4135 1193 4188 de
1211 4135 1351 4190 Rotbsrdo

213 4211 437 4335 &rgentoretensi
465 4213 595 4281 episcopo
622 4210 808 4265 tantummodo
839 4217 959 4276 conant,
988 4225 1035 4264 eos
1061 4207 1132 4263 clem
1159 4217 1248 4266 ocsus
1273 4213 1352 4281 regis

234 4288 377 4339 eseruisse.
