2932 4718
101 921 220 980 ‘aaa

228 233 264 285 ⁷2
369 228 603 285 LIUDPRANDI
622 227 888 283 ANTAPODOSIS.
926 229 1000 284 LIB.
1021 228 1077 282 111.
1116 226 1236 280 41-42.

227 400 408 469 secundum
423 399 607 468 Grecorum
627 396 764 481 fabulas,
787 397 957 465 oculorum
977 398 1162 487 privatione
1181 396 1284 464 vitam
1306 395 1371 466 sihi

251 485 419 570 rotelavit,
450 506 536 575 quac
568 480 678 551 multis
710 481 754 548 ad
827 484 963 551 miciem
991 505 1095 572 usque
1122 485 1157 550 in
1184 493 1371 572 presentem

227 510 317 640 diem
345 591 503 639 essenon
532 568 639 635 desiit.
682 505 828 636 Fabuldd
849 590 927 637 vero
948 566 1074 652 ludum,
1096 589 1157 635 cur
1178 569 1248 636 ceci
1269 566 1370 657 pluri·

228 679 320 723 mum
341 656 467 739 vivant,
495 651 678 721 secundum
707 651 889 721 Grccorum
912 653 1070 742 ineptiam
1095 653 1150 720 hic
1176 653 1372 740 inseramus,

229 739 645 909 ttatttttdt
662 740 1374 915 t²tt“.tttt.¹tt.“tt⁰.tttt,tt

230 934 299 979 asoa
320 908 485 993 εζήτησαν.
522 907 625 986 Οὗτος
644 907 707 996 γὰρ
730 931 763 977 ss
784 931 857 987 ταις
879 910 1079 997 supertecta
1101 908 1238 999 φύσεσοι
1258 913 1369 1000 iperc-

232 997 405 1085 μορφώθη,
438 997 527 1064 assde
560 993 722 1083 δράκοντα
754 1013 921 1079 sacenses.
972 992 1076 1075 Οὗτος
1108 1001 1165 1063 oia
1196 1016 1281 1062 κατα
1313 1017 1374 1079 της

232 1086 321 1171 Heca
342 1101 565 1170 απεφκνναο,
594 1081 650 1146 καὶ
670 1083 740 1169 lips
762 1084 951 1168 οργιςθεῖσα
972 1079 1032 1164 aad
1054 1099 1136 1148 aces
1157 1078 1264 1166 cate,
1295 1085 1373 1160 zava

232 1168 277 1236 δὲ·
290 1189 347 1246 exc
371 1169 465 1234 ίσατο
488 1163 576 1232 ἀυτῶ
600 1170 715 1244 arctois
735 1173 830 1249 ζησαι
845 1185 937 1251 essct,
960 1187 1016 1233 και
1033 1103 1098 1234 dau
1119 1172 1221 1250 ελεγεν
1235 1187 1372 1248 mattea

231 1259 338 1336 λεγειν,
388 1273 446 1319 eus
468 1250 513 1318 he
528 1250 589 1317 ‘Ira
609 1249 710 1316 irisan
729 1250 802 1338 peri
815 1249 1002 1335 afrodision,
1022 1251 1064 1317 tis
1084 1249 1195 1340 pliona
1215 1249 1289 1318 echi
1303 1250 1373 1319 ido·

231 1357 303 1403 mas
324 1356 366 1403 en
387 1338 413 1403 ti
434 1337 607 1424 synnusia,
629 1333 673 1402 ha
695 1336 762 1403 tote
783 1333 932 1403 Tiresian
945 1334 1039 1403 Evru
1052 1357 1119 1424 yon
1137 1335 1282 1419 ezitisan,
1297 1346 1372 1405 utos

232 1444 292 1511 gar
324 1443 366 1488 en
397 1431 447 1488 tes
479 1419 652 1488 amfoteres
684 1418 784 1508 fysesi
812 1419 1075 1488 methamorfothi
1102 1443 1120 1488 e
1144 1420 1191 1487 idi
1214 1420 1374 1490 draconta

232 1506 390 1596 epatisen,
413 1516 487 1573 utos
507 1527 553 1571 un
575 1514 649 1571 cata
668 1505 711 1571 tis
731 1504 803 1572 Iras
823 1504 1035 1594 apefkynato,
1057 1504 1101 1574 ha
1198 1505 1374 1596 orgisthisa

234 1594 386 1681 epirosen
407 1602 520 1674 auton,
540 1589 628 1658 Zeus
650 1588 691 1657 de
712 1589 891 1658 echarisato
913 1602 991 1658 auto
1012 1589 1096 1680 polis
1117 1591 1183 1658 zise
1211 1586 1302 1677 etesi,
1327 1591 1372 1661 ke

235 1698 294 1744 osa
315 1675 430 1764 elegen
456 1678 600 1742 mantica
620 1675 732 1826 Ιεῡξῑθιιὶι
765 1674 838 1742 Hec
860 1687 909 1742 est
929 1677 1169 1765 interpretatio:
1212 1675 1374 1778 ‘Iuppiter

234 1773 267 1829 et
287 1761 372 1829 Iuno
394 1761 631 1827 contenderunt
733 1761 889 1845 moribus,
934 1763 986 1828 uis
1010 1760 1120 1864 plures
1147 1758 1282 1829 haberet
1301 1760 1374 1829 hbi·

234 1847 327 1913 dines
348 1848 393 1929 in
405 1847 524 1913 coitur.
567 1844 613 1911 Et
634 1855 710 1911 tune
732 1845 891 1912 Tiresiam
905 1783 987 1912 duri
1007 1845 1110 1913 hlium
1133 1847 1374 1934 quaesiverrmt.

234 1930 301 1998 Iste
324 1931 410 1997 enim
432 1932 467 1995 in
488 1931 635 2017 utrisque
656 1931 780 1996 naturis
808 1938 1043 1998 transmutatus
1069 1940 1128 2015 eat,
1155 1932 1233 2020 quia
1259 1931 1373 2000 draco·

234 2037 311 2083 nem
340 2013 487 2082 calcavit
538 2015 604 2080 Hic
637 2036 714 2102 ergo
741 2024 855 2082 contra
889 2015 1048 2084 Iunonem
1096 2017 1310 2101 renuntiavit,
1340 2027 1374 2086 ct

233 2101 317 2167 Iuno
338 2101 421 2167 irata
442 2100 613 2167 excecavit
634 2120 719 2166 eum.
762 2099 910 2189 Iuppiter
931 2112 1041 2169 autem
1085 2101 1198 2168 enavit
1216 2103 1247 2168 ei
1260 2100 1374 2170 multis

233 2186 344 2253 vivere
380 2186 484 2268 annis,
521 2196 554 2252 et
589 2195 709 2272 quanta
744 2182 877 2268 diceret,
909 2186 1087 2254 divinando
1118 2185 1246 2254 dicere'.
1305 2185 1374 2255 Sed

233 2270 405 2339 redeamus
426 2269 470 2336 ad
490 2292 570 2336 rem.
615 2268 715 2353 Geso,
737 2280 775 2336 ut
787 2269 1000 2357 prediximus,
1022 2269 1178 2339 memhris
1192 2270 1374 2356 defoedato,

235 2356 417 2422 substantia
438 2352 523 2420 illius
546 2353 706 2442 diripitur.
751 2354 880 2422 anteri
902 2354 1085 2444 complures
1113 2355 1260 2424 custodie
1282 2379 1372 2424 man·

235 2442 395 2529 cipantur.
439 2438 515 2508 Wal
540 2448 629 2506 ertus
644 2439 680 2504 in
693 2440 871 2506 crastinum
885 2443 992 2529 capite
1006 2451 1184 2526 truncatur,
1203 2441 1374 2509 thesaurus

236 2527 307 2592 eius
327 2525 473 2591 infinitus
528 2525 673 2613 iripitur3
711 2521 853 2591 Oristina
889 2547 975 2593 uxor
1003 2525 1089 2593 illius
1116 2527 1253 2615 capitur,
1283 2536 1316 2593 et
1336 2535 1376 2594 ut

152 2627 153 2630 ’
236 2609 405 2677 thesauros
428 2608 571 2676 occultos
592 2608 709 2692 uadat,
732 2607 870 2677 diversis
892 2609 1045 2678 crucibus
1066 2609 1216 2689 laniatam.
1261 2609 1377 2678 Crevit

175 3150 227 3192 928.

174 3319 228 3360 981.

119 3408 174 3450 Iuni
190 3408 228 3449 20.

95 3560 150 3603 981.
166 3560 229 3610 Ana.

237 2705 359 2762 extunc
379 2717 446 2762 non
467 2693 573 2762 solum
593 2693 726 2781 Papiae,
748 2694 806 2762 sed
828 2697 916 2762 etin
938 2717 1050 2763 omnes
1063 2695 1177 2764 Italiae
1191 2695 1273 2762 fines
1287 2696 1376 2785 regis

236 2782 348 2864 timor,
383 2802 491 2880 neque
520 2779 609 2845 hunc
636 2788 674 2845 ut
701 2802 795 2868 reges
826 2790 949 2848 ceteros
980 2780 1227 2870 floccipendere,
1259 2802 1375 2848 verum

237 2864 342 2932 modis
365 2862 726 2931 ommhushonorare1.

323 2950 375 3015 42.
419 2948 547 3015 Eodem
580 2958 726 3099 tempore
757 2947 918 3034 Ildoinua,
955 2949 1211 3018 Laudcciensis²
1238 2948 1377 3019 eclesiae

237 3035 419 3122 eiscopus,
449 3035 581 3122 propria
603 3056 637 3100 se
661 3056 679 3100 e
702 3033 867 3133 expulsus,
900 3034 943 3102 ad
971 3035 1146 3136 Hugonem
1171 3057 1294 3125 regern,
1321 3035 1377 3102 cui

237 3143 257 3186 a
293 3120 403 3186 nitatis
424 3117 510 3185 linea
531 3122 588 3185 iun
613 3117 730 3187 ebatur
749 3141 784 3184 1n
813 3118 942 3185 Italiam
962 3131 1061 3187 vemt.
1111 3120 1178 3203 Qui
1198 3119 1377 3188 honorifice

238 3205 281 3271 ab
303 3226 343 3271 ec
370 3215 572 3292 susceptum,
635 3225 825 3271 aronensem
855 3206 885 3270 ei
907 3206 1134 3293 episcopatum
1156 3204 1199 3272 ad
1222 3204 1377 3293 stipendii

239 3290 400 3356 concessit
420 3311 526 3354 usum.
569 3288 707 3354 Factum
729 3298 778 3355 est
798 3300 916 3374 autem,
933 3300 975 3356 ut
1021 3301 1072 3358 ost
1092 3289 1261 3378 paululum
1281 3289 1378 3356 Lam·

239 3383 351 3463 pertus
372 3372 480 3440 archie
505 3376 636 3461 iscopus
656 3383 845 3459 moreretur,
873 3384 906 3440 et
926 3374 979 3441 hic
996 3313 1073 3443 hoco
1097 3376 1166 3442 eius
1188 3373 1379 3442 Mediolanii

239 3461 453 3609 episcopuso
493 3460 647 3525 inaretur.
689 3457 833 3525 Venerat
861 3469 970 3527 autem
1000 3482 1076 3527 cum
1102 3459 1227 3547 prefato
1249 3457 1378 3525 Ilduinc

239 3564 356 3611 monae
379 3566 418 3610 us
441 3542 585 3632 quidam,
606 3543 756 3610 Raterius
778 3547 918 3628 nomine,
950 3545 1006 3632 qui
1029 3544 1071 3613 ob
1093 3545 1283 3632 religionem
1305 3565 1378 3633 sep·

240 3725 382 3779 oneum
398 3738 466 3778 aeque
482 3727 561 3769 dicere
576 3727 745 3779 thudprcnde
761 3729 808 3779 ipso
823 3729 967 3779 scripturas
980 3729 1000 3773 1.
1032 3725 1133 3780 b)coetu
1150 3729 1171 3770 1.
1204 3725 1344 3782 anement
1358 3729 1379 3770 1.

242 3876 271 3946 1)
292 3878 478 3932 ct1aso.
546 3880 573 3944 2)
593 3879 770 3944 Leodiansis3
798 3899 823 3932 v.
844 3880 950 3948 Legum
968 3881 1036 3932 ul
1062 3895 1126 3948 pag.
1147 3878 1379 3934 tihadmio.

242 3952 283 4006 Cf.
303 3954 426 4007 Ratherii
446 3956 526 4022 epist.
547 3954 664 4006 Iohanni
689 3970 778 4022 papae
799 3954 874 4024 (opp.
894 3972 921 4023 p.
941 3952 1024 4022 5³8):
1051 3955 1171 4021 Notgero
1192 3990 1199 4006 .
1220 3991 1227 4006 .
1249 3955 1380 4024 episcopo

242 4027 363 4093 meliore,
381 4035 412 4083 ut
431 4043 528 4091 remur,
548 4034 658 4096 petente
679 4029 788 4081 detuma
808 4031 960 4098 piscopium
981 4035 1023 4081 est
1042 4043 1102 4081 mec
1120 4028 1230 4081 dominc
1245 4027 1381 4083 Hilduinc

241 4103 299 4153 iure
324 4101 503 4171 stipendiario
527 4103 660 4170 promisso
686 4103 768 4168 regis,
795 4104 842 4172 qui
866 4119 910 4154 me
935 4108 1000 4155 tnnc
1026 4101 1135 4170 oppido,
1154 4108 1185 4154 ut
1209 4101 1381 4168 credebatur,

243 4174 376 4243 diligebat
394 4181 530 4240 manente,
557 4175 630 4245 quod
650 4175 698 4228 ubi
716 4175 793 4228 illum
813 4176 893 4230 altius
913 4174 1090 4244 promovendi
1114 4175 1192 4229 loeus
1219 4184 1382 4248 emergeret,

243 4264 294 4316 ago
313 4251 468 4318 petentibus
489 4249 569 4303 darer
590 4252 745 4320 episcopus.
