2932 4718
220 257 273 308 164
499 253 730 307 LIL’DPRANDI
749 253 923 309 LEGATIO.
963 255 1084 309 ‹ta-68.

156 436 361 510 asarentur1,
384 436 544 514 quaruma
566 425 756 490 auctoritate
778 446 853 490 oum
868 427 949 513 ipse,
973 435 1043 490 tum
1058 446 1262 493 successores
1278 427 1358 506 eius,

218 512 342 603 absque
368 532 528 600 paparum
549 510 711 597 permissu
737 507 843 598 palliis
872 520 1048 577 uterentur.
1092 511 1148 578 Ex
1174 533 1240 600 quo
1269 513 1359 600 turpi

218 597 414 666 commercio
435 594 670 684 vituperandus
699 617 770 660 mos
795 593 936 679 inolevit,
967 606 1003 660 ut
1030 618 1096 662 non
1125 595 1230 663 solum
1259 597 1359 686 patri·

218 683 345 767 archae,
374 679 558 749 sedetiam
587 680 734 768 episcopi
762 681 861 747 totius
886 680 1056 765 Graeciae,
1086 681 1192 770 palliis
1214 693 1357 749 utantur.

218 769 317 855 Quod
340 789 438 857 quam
460 764 639 833 absurdum
660 765 711 848 sit,
739 786 871 832 censore
894 788 912 833 o
937 788 976 832 us
1002 787 1069 833 non
1096 776 1153 834 est
1196 766 1258 835 Est
1279 789 1359 856 ergo

219 877 330 921 meum
351 851 535 934 consilium,
564 859 709 917 sanctam
731 850 802 918 fieri
823 789 995 939 synodum,
1026 864 1059 918 ct
1079 852 1122 919 ad
1143 852 1280 920 eandem
1301 875 1358 920 vo·

219 941 287 1006 cari
307 936 534 1026 Polyeuctum.
578 933 676 1021 Quod
698 937 727 1002 si
748 937 869 1021 venire,
898 947 930 1004 et
952 938 1128 1025 σφάλματα
1155 959 1224 1022 sua,
1253 936 1288 1005 id
1310 947 1360 1005 est

103 1033 209 1088 'rr-³⁸²·
218 1025 314 1108 vitia,
344 1024 495 1111 superius
524 1022 644 1110 scripta
671 1022 827 1088 canonice
855 1021 1028 1090 emendare
1056 1020 1210 1107 nolucrit,
1241 1020 1359 1112 *quod

220 1109 416 1177 sanctissimi
445 1128 586 1174 canones
615 1106 832 1190 decreverint,
858 1108 925 1175 fiat.
976 1107 1045 1173 Vos
1071 1109 1216 1191 interim,
1242 1130 1360 1210 propo

220 1205 322 1263 tentes
338 1195 485 1282 augusti,
499 1203 536 1258 ut
550 1191 713 1280 coepistis,
735 1190 893 1277 laborate,
909 1193 1037 1277 efficite,
1053 1205 1090 1261 ut
1104 1194 1132 1260 si
1146 1191 1228 1260 nolit
1241 1193 1358 1261 noburb

219 1279 432 1369 Nicephorus,
465 1299 563 1369 quem
596 1279 750 1344 canonice
778 1300 915 1366 arguere
946 1278 1158 1366 disponimus,
1193 1277 1359 1364 oboedire,

219 1366 332 1433 audiat
352 1386 421 1446 vos,
445 1384 584 1453 quorum
606 1383 644 1428 co
669 1363 709 1429 iis
729 1383 796 1428 non
818 1363 916 1430 audet
937 1363 1157 1431 cadaverosus
1176 1384 1358 1431 occurrere.

220 1451 304 1535 Hoc,
327 1452 472 1537 inquam,
495 1459 553 1532 est,
577 1385 667 1535 quod
686 1470 745 1513 nos
771 1448 938 1536 apostoli²,
968 1449 1093 1515 domini
1113 1460 1146 1517 et
1167 1448 1359 1516 commilito·

220 1559 277 1603 nes
299 1536 412 1619 nostri,
433 1534 541 1600 facere
561 1531 683 1600 volunt.
727 1534 802 1599 Non
824 1545 872 1601 est
893 1558 913 1600 a
936 1533 1071 1601 Graecis
1093 1534 1262 1601 Romanus
1283 1533 1358 1601 vilis

219 1621 378 1689 tenendus
408 1619 509 1701 locus,
541 1619 617 1706 quia
646 1620 779 1685 recessit
808 1618 883 1686 inde
909 1621 1086 1708 imperator
1107 1618 1359 1704 Constantinus;

219 1730 333 1773 verum
356 1727 394 1773 eo
410 1706 515 1792 magis
531 1702 694 1788 colendus,
717 1703 930 1786 venerandus,
951 1704 1146 1789 adorandus,
1170 1706 1249 1793 quia
1262 1728 1361 1774 vene·

220 1806 295 1860 runt
317 1791 393 1857 illuc
416 1787 563 1878 apostoli,
586 1787 734 1855 doctores
757 1792 869 1872 sancti,
892 1790 1006 1856 Petrus
1030 1801 1062 1856 et
1083 1789 1214 1856 Paulus.
1251 1791 1303 1857 Ac
1318 1791 1359 1858 de

220 1877 270 1943 his
296 1878 374 1943 satis
405 1897 457 1941 me
487 1875 657 1962 scripsisse
687 1873 843 1958 sufficiat,
873 1874 975 1941 donec
1003 1876 1065 1942 deo
1087 1874 1243 1964 largiente
1266 1898 1359 1943 sanc·

220 1964 483 2049 tissimorumque
505 1959 727 2048 apostolorum
751 1959 959 2043 orationibus,
983 1984 1025 2027 ex
1041 1959 1244 2027 Graecorum
1267 1983 1361 2051 erep-

220 2058 272 2114 tus
294 2047 455 2129 manibus,
477 2068 536 2111 vos
559 2042 685 2111 adeam.
726 2044 770 2110 Et
791 2056 869 2110 tunc
891 2069 956 2111 non
977 2045 1107 2112 taedeat
1128 2046 1245 2130 dicere,
1269 2046 1360 2135 quod

220 2134 273 2200 hio
295 2153 383 2199 nunc
428 2132 513 2218 iguit
535 2128 687 2197 scribere.
732 2130 827 2195 Nunc
850 2131 891 2196 ad
915 2132 1118 2219 propositum
1140 2132 1324 2199 redeamus.

112 2227 171 2269 ¹³00·
188 2227 208 2270 ⁶·
305 2219 356 2286 63.
401 2155 526 2285 dlctavo
548 2214 628 2280 Idus
642 2215 836 2282 Decembris
856 2215 1033 2283 Leucatem
1055 2218 1213 2300 venimus,
1236 2217 1295 2285 ubi
1316 2216 1359 2285 ab

219 2307 372 2394 episcopo
394 2303 497 2391 ipsius
520 2300 584 2366 loci
606 2300 766 2384 eunucho,
793 2303 878 2368 sicut
900 2311 932 2368 et
953 2301 1010 2368 ubi
1034 2325 1076 2369 ue
1097 2302 1139 2369 ab
1162 2301 1244 2385 aliis,
1266 2302 1361 2369 inhu-

219 2390 407 2457 manissime
440 2386 584 2474 suseepti
618 2397 650 2452 et
682 2387 809 2453 uocati
842 2409 965 2453 sumus.
1011 2325 1059 2453 ln
1092 2389 1180 2453 omni
1208 2386 1362 2472 Graecia,

219 2478 389 2543 veritatem
404 2474 488 2555 dico,
510 2493 574 2537 non
590 2472 737 2555 mentior,
760 2495 826 2538 non
839 2473 946 2561 reperi
960 2471 1134 2561 hospitales
1150 2474 1261 2562 episeo
1287 2494 1325 2539 os
1333 2485 1359 2539 ⁸.

219 2561 348 2629 Divites
370 2570 454 2640 sunt,
477 2579 637 2645 pauperes
660 2568 748 2641 sunt,
772 2556 888 2625 divites
911 2559 1017 2624 aureis
1033 2557 1150 2646 quibus
1165 2496 1360 2659 plenadudi-

219 2658 273 2713 tur
293 2657 407 2728 arca43
430 2664 591 2731 pauperes
613 2642 767 2708 ministris
789 2665 847 2709 seu
868 2641 1071 2710 utensilibus.
1108 2641 1177 2708 soh
1190 2644 1361 2711 mensulae

220 2729 365 2798 assident
390 2727 513 2812 nudae,
567 2727 786 2792 aximacium³
816 2726 879 2794 sibi
908 2738 1124 2816 apponentes,
1161 2726 1238 2794 baln
1301 2740 1359 2795 ue·

219 2827 298 2882 tunc
320 2817 405 2882 vitro
427 2835 540 2901 permo
566 2814 617 2878 'co
646 2834 712 2878 non
743 2810 907 2896 bibentes,
938 2813 996 2880 sed
1023 2811 1236 2881 sorbillantes.
1306 2814 1360 2902 psi

219 2900 374 2984 vendunt,
397 2899 461 2987 ipsi
483 2909 608 2980 emunt,
637 2898 718 2964 ostia
739 2899 803 2985 ipsi
825 2897 988 2981 claudunt,
1017 2899 1081 2986 ipsi
1102 2900 1266 2986 aperiunt3
1293 2899 1359 2987 ipsi

220 2986 367 3068 deiferi,
397 2987 407 3048 i
433 2986 462 3050 si
483 3004 650 3071 agasones,
680 2984 744 3070 ipsi
773 3004 914 3072 capones
938 2983 1073 3067 -sed,
1103 2982 1163 3048 ha!
1192 3005 1359 3072 caupones

221 3009 307 3137 volui
340 3008 491 3151 stridere,
524 3091 638 3134 verum
667 3090 719 3134 res
747 3069 836 3170 ipsa,
871 3091 953 3157 quae
983 3092 1060 3135 vcra
1088 3082 1152 3151 est,
1185 3071 1358 3137 veritatem

220 3158 317 3223 etiam
339 3154 502 3220 nolentem
525 3152 682 3242 compulit
704 3155 845 3220 sonbere
867 3194 910 3204 —
931 3153 1070 3220 dicimus
1092 3157 1189 3239 enim,
1212 3156 1291 3243 quia
1306 3176 1358 3220 ca-

220 3263 321 3329 pones
345 3251 428 3322 sunt,
451 3238 486 3305 id
507 3250 564 3320 est,
587 3238 756 3322 eunuchi',
781 3239 868 3327 quod
891 3241 1083 3305 canonicum
1104 3260 1171 3305 non
1192 3250 1258 3324 est3
1280 3249 1358 3306 sunt

220 3337 252 3392 a
266 3347 440 3476 callinil
455 3323 1357 3475 {ttttttttttttl⁰ttttt³ttttlqm

350 3432 510 3562 claudere
532 3515 616 3580 quac
640 3513 757 3587 coenas
778 3491 906 3560 lactuca
928 3493 1052 3562 solebat
1072 3459 1233 3562 avoruin’!

220 3643 243 3694 a)
261 3653 307 3693 qua
323 3642 345 3683 C.
407 3641 430 3692 b)
448 3642 480 3680 ita
497 3641 594 3691 ronan
610 3640 676 3680 vobis
694 3639 717 3680 0.

223 3774 250 3840 1)
270 3773 392 3828 Aderant
417 3773 581 3826 ordinatIoni
608 3777 666 3826 eius
686 3775 781 3826 vicarii
801 3789 890 3842 papas
910 3776 1039 3841 Romani,
1066 3779 1112 3845 qui
1131 3779 1160 3829 in
1179 3775 1355 3846 patriarchali

220 3848 286 3900 sede
306 3865 367 3900 eum
388 3847 569 3912 collocarunt,
599 3849 633 3900 cf.
654 3849 754 3916 Georg.
774 3849 902 3902 Monach.
930 3850 963 3902 de
985 3851 1124 3905 Constant.
1145 3869 1169 3903 c.
1189 3852 1224 3904 46
1244 3869 1271 3920 p.
1292 3850 1358 3903 913.

222 3925 250 3987 2)
264 3923 360 3975 Petrus
380 3929 408 3974 et
426 3922 534 3975 Paulus.
592 3922 622 3988 3)
638 3924 681 3974 De
702 3924 915 3991 inhospitalitate
936 3933 964 3977 et
982 3927 1148 3994 parsImonia
1168 3926 1358 3995 episcoporum

221 3997 388 4049 Graecorum
405 3999 578 4064 conqueritur
596 4000 652 4050 iam
672 3997 819 4051 monachus
840 3999 1028 4066 Sangallensis
1042 4000 1072 4052 11
1092 4016 1117 4053 o.
1131 4000 1158 4051 6.
1215 3999 1246 4067 4)
1259 4000 1356 4055 Iuvsn.

221 4071 279 4123 Sat.
299 4071 321 4135 1,
342 4071 392 4122 90:
411 4072 500 4138 posita
520 4073 569 4125 sed
589 4071 689 4125 luditur
709 4086 783 4124 arca.
859 4072 888 4141 b)
909 4076 926 4125 i.
948 4091 971 4127 e.
991 4090 1091 4141 panem
1110 4076 1248 4127 nauticum
1267 4073 1355 4128 BAB.

222 4145 250 4209 6)
263 4144 306 4197 An
325 4146 417 4197 viuum
436 4160 508 4214 aqua
526 4145 643 4214 plurima
662 4147 842 4214 permirtum?
919 4146 947 4214 7)
968 4148 1133 4214 Polyeuotus
1153 4148 1309 4217 patriarcha
1328 4156 1358 4203 st

220 4220 279 4287 ipss
299 4219 385 4288 spado
404 4219 465 4283 fuit,
486 4220 520 4273 cf.
540 4221 625 4290 Krug,
646 4219 828 4288 chronologis
849 4221 897 4273 der
916 4223 1063 4290 Byzantier
1081 4240 1108 4292 p.
1119 4224 1182 4275 290.
1240 4221 1271 4289 8)
1284 4225 1356 4277 Mar·

220 4292 278 4346 tial.
299 4308 340 4361 sp.
360 4294 441 4358 XIII,
463 4295 506 4347 14.
